2326 3362
924 267 1106 290 PRAEFATIO
1113 282 1119 289 .
1829 269 1861 291 IX

177 349 325 385 operum
351 348 417 383 pro
443 335 545 370 libito
564 345 627 367 suo
647 338 856 378 excerpunt,
876 337 909 365 et
933 330 993 365 nbi
1020 331 1118 365 lubet
1144 331 1334 370 collocant,
1355 337 1390 365 et
1415 331 1626 377 quandoque
1645 332 1748 365 ctiam
1768 333 1871 366 inter-

176 394 413 442 polationibus
438 393 583 427 xiolant.
613 392 698 424 Cum
725 396 841 424 autem
866 389 1033 423 volumen
1060 394 1217 422 nostrum
1243 389 1336 423 haud
1362 401 1404 423 ex
1430 400 1501 422 uno
1532 389 1592 423 sed
1619 400 1659 422 cx
1686 389 1870 423 duodecim

175 466 256 487 mss.
279 451 458 487 codicibus
483 451 525 483 sit
551 448 849 494 conglutinatum,
871 447 928 480 xix
954 445 1030 480 fieri
1057 452 1170 492 potest
1189 453 1226 480 ut
1246 453 1361 492 partes
1380 457 1502 480 omnes
1528 445 1646 480 sedem
1671 447 1868 492 propriam,

176 518 254 557 post
279 510 533 564 eclogariorum
560 506 737 541 licentiam
756 511 788 540 et
808 505 1074 550 discrepantiam
1102 504 1280 544 codicum,
1305 505 1491 544 retineant;
1513 516 1618 549 quam
1640 516 1712 538 rem
1732 506 1870 539 nonnisi

175 571 346 614 integrum
371 567 486 612 operis
512 576 639 611 corpus
666 562 866 610 praestabit.
896 563 928 596 Si
956 563 1061 607 igitur
1081 573 1201 607 graeca
1220 568 1338 596 nostra
1363 568 1441 595 ante
1464 563 1612 607 syriatici
1640 561 1721 596 libri
1747 563 1870 596 editio-

175 640 253 661 nem
272 628 306 660 in
326 625 488 670 Angliam
514 625 692 662 venerint,
716 623 868 656 multum
894 622 1001 656 credo
1027 621 1291 666 interpretando
1310 621 1441 667 Cyrillo
1467 621 1681 667 proderunt:
1703 622 1801 655 sicuti
1822 622 1871 655 vi-

174 685 286 718 cissim
305 682 408 717 nobis
426 693 638 727 magnopere
660 681 778 715 fuisset
803 679 1010 714 commodus
1030 678 1230 724 anglicanus
1249 678 1339 713 liber
1358 678 1563 713 ordinandis
1585 680 1716 724 graecis
1735 691 1772 713 ac
1792 690 1872 725 per-

172 740 365 787 poliendis,
386 741 413 774 si
439 739 558 785 (quod
579 738 654 773 fieri
674 750 746 772 non
765 737 924 784 poterat)
952 737 995 771 ad
1016 748 1080 771 nos
1097 742 1235 770 maturo
1255 742 1413 782 tempore
1432 737 1659 782 pervenisset.
1688 737 1748 770 Rei
1768 737 1870 770 liuius

173 798 349 844 persimile
374 797 573 843 exemplum
599 803 650 830 est
675 795 813 830 Eusebii
840 795 1071 841 theophania,
1094 795 1130 827 in
1155 795 1289 839 syriaco
1316 795 1445 839 pariter
1471 794 1589 827 codice
1616 793 1668 827 his
1695 795 1792 828 annis
1817 795 1870 828 in-

170 861 290 894 venta,
313 856 411 889 cuius
436 865 556 900 graeca
581 853 774 899 fragmenta
802 864 820 887 a
846 864 902 886 me
929 859 1029 886 antea
1053 851 1211 897 vulgata,
1233 851 1277 885 cl.
1299 852 1386 885 Leus
1409 852 1579 896 interpres
1604 857 1637 885 et
1661 851 1773 885 editor
1800 862 1870 884 non

172 912 312 952 habuit;
341 924 404 947 nos
430 919 547 947 autem
576 911 669 946 libro
697 912 772 945 eius
797 917 959 956 accepto,
988 921 1109 956 graeca
1136 916 1255 944 nostra
1281 910 1429 943 excussis
1454 909 1571 943 denuo
1595 915 1665 943 vat.
1694 908 1871 943 codicibus

171 971 321 1005 multum
347 971 504 1005 auximus
530 977 565 1004 et
590 971 844 1004 recensuimus:
873 980 941 1014 qua
968 980 1073 1014 super
1097 979 1135 1002 re
1161 968 1196 1002 in
1223 973 1350 1013 quarto
1380 966 1611 1001 bibliothecae
1640 967 1743 1000 huius
1768 966 1870 1000 volu—

171 1029 265 1062 mine
291 1029 372 1063 satis
395 1028 558 1063 diximus.
588 1029 659 1062 Iam
688 1038 790 1061 nemo
816 1026 918 1060 nobis
945 1025 1105 1066 obiiciat,
1127 1025 1223 1071 quod
1243 1024 1411 1071 Cyrillum
1430 1036 1471 1058 ex
1492 1025 1635 1063 catenis,
1656 1036 1727 1057 non
1755 1030 1869 1057 autem

171 1097 212 1119 ex
239 1086 357 1120 codice
381 1087 528 1132 proprio
551 1086 777 1130 integroque,
798 1084 999 1129 vulgemus:
1025 1095 1105 1117 nam
1128 1088 1266 1129 praeter
1284 1093 1391 1127 quam
1415 1081 1512 1126 quod
1535 1081 1631 1114 nulla
1651 1081 1714 1114 alia
1741 1092 1869 1126 suppe-

173 1143 267 1178 tebat
284 1145 334 1178 rei
353 1144 590 1178 conficiendae
609 1144 717 1183 ratio,
740 1142 826 1176 nihil
847 1154 912 1176 nos
930 1143 1132 1176 inusitatum
1158 1142 1304 1187 egimus.
1332 1141 1418 1174 Ecce
1438 1140 1530 1173 enim
1549 1140 1733 1185 Origenem
1757 1140 1792 1172 in
1812 1151 1867 1183 gc-

172 1203 301 1241 nesim.
326 1203 361 1236 in
388 1201 594 1249 proverbia,
620 1208 651 1235 et
677 1202 713 1234 in
739 1200 910 1246 psalmos,
933 1200 1072 1234 nonnisi
1098 1211 1139 1234 ex
1170 1199 1298 1233 catenis
1325 1199 1462 1232 Ruaeus
1488 1203 1675 1242 utcumque
1701 1197 1865 1230 restituit:

172 1260 398 1306 eiusdemque
423 1260 505 1293 item
534 1259 682 1304 hexapla
711 1270 872 1304 magnam
904 1264 1039 1304 partem
1068 1264 1209 1291 catenae
1238 1255 1518 1302 suppeditarunt.
1547 1253 1803 1288 Theodoretuin
1835 1260 1867 1287 et

170 1318 398 1352 Athanasium
423 1319 459 1350 in
485 1317 637 1362 psalmos
665 1323 804 1350 catenae
831 1316 925 1350 solae
953 1315 1140 1350 Sirmondo
1167 1321 1201 1349 et
1227 1313 1488 1348 Montfauconio
1515 1311 1730 1346 obtulerunt.
1760 1311 1869 1356 Chry-

171 1375 315 1408 sostomi
341 1375 422 1408 satis
449 1375 606 1420 copiosas
631 1381 665 1408 et
693 1374 847 1421 egregias
877 1374 913 1407 in
944 1373 1155 1407 Hieremiam
1186 1372 1444 1418 explanationes
1476 1381 1648 1415 nusquam
1678 1370 1742 1403 nisi
1775 1368 1868 1414 apud

172 1431 333 1465 Ghislerii
359 1438 512 1466 catenam
539 1431 721 1466 habemus.
750 1431 936 1466 Eusebium
962 1433 997 1466 in
1015 1433 1163 1469 Lucam,
1184 1430 1457 1475 Polychronium
1482 1429 1517 1462 in
1544 1427 1740 1466 Danielem,
1761 1427 1869 1472 Didy-

170 1500 267 1522 mum
293 1489 329 1522 in
355 1489 544 1522 secundam
571 1489 614 1522 ad
636 1489 834 1524 Corinthios
853 1500 917 1523 nos
936 1489 1002 1535 ipsi
1028 1495 1228 1523 catenarum
1251 1498 1318 1533 ope
1342 1486 1449 1521 adiuti
1474 1486 1509 1518 in
1533 1485 1647 1519 lucem
1666 1484 1864 1518 extulimus.

170 1546 350 1579 Postremo
374 1546 486 1590 qualis
504 1552 723 1591 quantusque
748 1547 881 1592 percipi
900 1559 942 1581 ex
966 1546 1030 1580 hac
1049 1546 1168 1591 cyrilli
1193 1545 1346 1579 editione
1368 1544 1501 1578 fructus
1527 1543 1650 1588 possit,
1673 1543 1783 1576 lector
1807 1554 1869 1588 per

169 1614 205 1636 se
230 1604 377 1649 quisque
402 1603 545 1641 sentiet,
567 1609 602 1636 et
626 1610 744 1637 noster
770 1604 873 1638 etiam
901 1615 1021 1637 rerum
1046 1603 1150 1637 index
1174 1603 1301 1648 partim
1319 1600 1590 1640 demonstrabit,
1614 1601 1815 1647 praesertim
1834 1601 1868 1634 in

169 1672 207 1694 re
233 1660 449 1706 dogmatica,
472 1660 561 1694 circa
581 1660 706 1694 Christi
725 1660 960 1699 divinitatem,
982 1660 1149 1705 originale
1169 1666 1368 1705 peecatum,
1389 1659 1543 1692 divinam
1569 1658 1736 1704 gratiam,
1757 1668 1867 1691 sacra-

170 1724 287 1752 menta
312 1717 494 1763 baptismi,
518 1718 770 1763 poenitentiae,
790 1724 893 1763 atque
918 1717 1164 1755 eucharistiae,
1184 1717 1228 1751 de
1255 1728 1327 1762 quo
1345 1723 1523 1762 postremo
1551 1716 1752 1762 praesertim
1779 1714 1867 1759 dog-

169 1782 261 1810 mate
286 1775 426 1809 divinus
451 1782 501 1810 est
519 1775 641 1820 Cyrilli
667 1775 765 1809 locus
790 1787 826 1821 p.
849 1777 940 1814 417,
963 1787 1068 1821 quem
1095 1775 1190 1809 nulla
1216 1786 1384 1820 umquam
1407 1774 1557 1808 haeresis
1575 1785 1687 1819 neque
1705 1784 1866 1819 praesens

171 1845 282 1879 neque
307 1833 423 1867 futura
446 1833 680 1868 labefactabit.
710 1834 776 1868 Sed
802 1834 845 1868 de
872 1834 992 1880 Cyritli
1018 1835 1055 1868 in
1080 1835 1209 1868 Lucam
1234 1834 1485 1868 commentario
1509 1833 1589 1866 satis
1615 1832 1675 1878 (1).
1705 1832 1865 1877 Superest

170 1898 207 1925 ut
234 1891 277 1925 de
303 1891 436 1936 reliqua
462 1892 650 1926 voluminis
676 1892 888 1926 continentia
916 1892 1084 1926 dicamus.

266 1949 307 1982 V.
335 1949 393 1983 Est
407 1950 497 1984 inter
510 1951 662 1995 syriacos
676 1948 909 1984 bibliothecae
923 1951 1099 1984 vaticanae
1115 1950 1251 1983 codices
1266 1955 1428 1995 pervetus
1442 1948 1584 1994 quidam
1595 1974 1602 1986 ‚
1619 1958 1765 1981 numero
1782 1947 1861 1980 140.

171 2012 326 2045 notatus,
348 2007 485 2041 saeculo
507 2013 631 2041 octavo
655 2013 693 2041 ut
715 2007 906 2043 Assemano
932 2007 1072 2041 videtur
1091 2008 1256 2052 scriptus,
1279 2007 1339 2052 qui
1358 2006 1521 2040 Iohannis
1542 2005 1760 2040 caesariensis
1778 2005 1867 2037 inter

170 2065 332 2110 quintum
357 2071 561 2110 sextumque
583 2065 759 2099 saeculum
791 2065 874 2099 clari
905 2065 1105 2111 apologiam
1138 2066 1292 2099 continet
1324 2064 1460 2098 concilii
1493 2063 1773 2097 chalcedonensis
1803 2062 1864 2096 ad-

170 2134 289 2157 versus
308 2123 602 2169 contemporalem
623 2135 726 2157 suum
752 2124 917 2157 Severum
942 2124 1174 2169 patriarcham
1201 2123 1464 2161 antiochenum,
1486 2120 1742 2166 Acephalorum
1762 2131 1864 2164 cory-

170 2180 342 2226 phaeum,
371 2187 404 2215 et
430 2181 610 2216 doctorem
637 2182 743 2215 totius
768 2181 912 2215 orientis
938 2182 1269 2227 pestilentissimum.
1300 2181 1470 2214 Iohannes
1496 2180 1611 2224 itaque
1638 2184 1676 2211 ut
1704 2177 1864 2211 adversa-

170 2239 278 2277 rium,
299 2239 432 2283 Cyrillo
451 2250 588 2284 semper
613 2245 717 2284 prout
736 2244 859 2273 notum
879 2246 930 2273 est
956 2238 1052 2273 abuti
1071 2240 1232 2276 solitum,
1253 2238 1376 2272 iisdem
1400 2237 1503 2271 armis
1522 2235 1690 2281 configat,
1715 2235 1860 2273 multos,

171 2296 205 2329 id
231 2302 281 2330 est
299 2297 414 2330 XLVI.
428 2323 436 2336 ,
459 2296 577 2341 Cyrilli
598 2296 693 2330 locos
712 2307 754 2330 ex
773 2296 939 2342 operibus
958 2309 1050 2331 nunc
1069 2297 1258 2343 deperditis
1272 2322 1279 2335 ,
1303 2302 1422 2330 contra
1441 2295 1670 2340 synusiastas,
1692 2299 1725 2327 et
1744 2299 1862 2326 contra

171 2353 364 2387 Diodorum
394 2360 584 2388 tarsensem
615 2366 652 2388 ac
682 2354 905 2388 Theodorum
934 2361 1218 2401 mopsuestenum
1236 2380 1243 2392 ,
1274 2365 1335 2388 nee
1367 2365 1436 2387 non
1468 2364 1509 2386 ex
1542 2352 1796 2386 commentariis
1828 2351 1863 2383 in

172 2410 291 2444 Manli.
319 2413 402 2446 Luc.
431 2419 463 2446 et
492 2413 587 2446 Paul.
618 2413 756 2451 recitat;
782 2424 872 2458 quos
898 2424 964 2458 ego
991 2412 1229 2447 lubentissime
1254 2413 1289 2445 in
1317 2412 1384 2446 hoe
1410 2411 1587 2445 volumine
1615 2410 1719 2443 latine
1743 2409 1862 2442 saltem

256 2544 289 2573 11]
309 2542 478 2570 Testinionia
498 2549 586 2572 vetera
611 2553 660 2580 pro
683 2545 779 2581 Cyrilli
800 2545 829 2572 in
853 2546 958 2572 Lucam
983 2545 1183 2572 commentario
1207 2544 1275 2571 olim
1300 2551 1350 2571 nos
1374 2543 1535 2575 citavimus,
1557 2540 1655 2568 latinas
1679 2544 1788 2567 catenas
1806 2538 1860 2565 divi

172 2585 319 2620 Aquinatis
339 2589 420 2620 atque
432 2588 567 2615 Corderii:
582 2590 648 2616 item
665 2597 776 2625 graecas
790 2589 928 2616 vaticanas
941 2590 969 2616 in
985 2590 1131 2625 prophetas
1144 2589 1191 2616 ubi
1205 2596 1292 2624 pauca
1313 2587 1466 2622 fragmenta
1479 2587 1563 2614 citata
1582 2585 1747 2620 reperimus:
1762 2581 1860 2609 deinde

174 2628 337 2656 sclioliastas
352 2630 457 2664 aliquot
469 2633 547 2659 vatic.
569 2634 637 2660 Item
653 2637 764 2661 catenas
783 2638 835 2661 vat.
851 2634 879 2661 in
899 2635 966 2661 Luc.
977 2655 983 2667 ,
998 2642 1116 2669 quarum
1138 2641 1213 2660 nuuc
1233 2640 1381 2659 numerum
1396 2632 1522 2658 auximus
1541 2637 1628 2665 usque
1647 2628 1681 2656 ad
1696 2628 1760 2654 XII.
1775 2626 1860 2652 Deni-

172 2681 226 2707 que
245 2673 321 2700 adest
340 2674 423 2701 codex
443 2676 581 2710 syriacuS,
602 2677 635 2705 de
653 2686 709 2713 quo
727 2686 810 2714 supra
831 2678 960 2706 diximus.
984 2680 1066 2705 Nunc
1085 2686 1146 2705 ecce
1167 2678 1233 2705 haec
1252 2676 1392 2709 scribens,
1414 2677 1443 2702 in
1463 2674 1541 2702 aliud
1561 2673 1748 2701 testiinonium
1768 2669 1860 2697 incido

173 2717 305 2744 Iohannis
324 2719 516 2753 cyparissiotae
535 2719 629 2747 decad.
645 2723 691 2748 VI.
707 2723 766 2750 Bib.
781 2724 833 2750 PP.
848 2723 938 2755 Lugd.
954 2724 985 2749 T.
1002 2723 1081 2749 XXI.
1098 2731 1124 2757 p.
1139 2725 1206 2754 420,
1221 2721 1269 2756 qui
1282 2721 1420 2748 Turi-iano
1440 2720 1586 2754 interprete
1606 2718 1652 2744 ait.
1672 2717 1792 2743 sanetus
1807 2716 1861 2749 Cy-

174 2761 254 2788 rillus
274 2762 482 2789 ‹zleoeanclrt'nas
503 2765 531 2789 in
551 2764 799 2798 explanationibus
812 2767 851 2794 (nl
863 2757 966 2794 Lacum
989 2769 1047 2794 ait:
1060 2766 1175 2801 jactam
1196 2774 1255 2792 esse
1273 2766 1395 2792 dicimus
1411 2763 1693 2798 trausfiqaraffonem
1705 2759 1862 2792 (Dominis)

174 2813 228 2832 non
245 2807 287 2832 sic
306 2807 420 2841 quidem
435 2810 464 2833 ut
475 2815 577 2842 carpus
595 2808 752 2836 humanum
764 2811 895 2845 fiqm'am
915 2813 1061 2845 amiserit,
1076 2811 1127 2837 sed
1145 2810 1295 2845 splendore
1314 2809 1436 2844 quodam
1460 2808 1586 2834 inclutam
1601 2804 1695 2839 ⁸fueri!
1709 2807 1759 2830 etc.
1774 2810 1861 2837 usque

173 2849 208 2876 ad
226 2852 365 2877 sustinere
379 2853 545 2886 potuerunt.
568 2852 622 2886 Qui
641 2852 719 2879 locus
738 2861 833 2888 graece
851 2863 927 2882 nune
946 2856 1073 2890 apparuit
1094 2856 1122 2882 in
1142 2854 1261 2882 editione
1281 2858 1373 2880 nostra
1392 2853 1461 2879 Luc.
1483 2851 1531 2876 lx.
1553 2852 1597 2876 29.
1614 2857 1639 2883 p.
1661 2851 1727 2880 239,
1747 2855 1810 2884 cuin
1831 2854 1859 2873 ea

173 2897 281 2920 tantuin
302 2895 351 2921 levi
371 2895 514 2926 varietate,
530 2904 612 2930 quain
633 2896 688 2923 sive
708 2896 906 2931 Cyparissiota,
922 2899 976 2927 sive
996 2899 1126 2929 eclogam
1146 2899 1248 2930 nostri,
1267 2897 1394 2925 sollemni
1417 2903 1489 2922 inore
1509 2894 1641 2921 fecerunt.
1663 2891 1740 2919 Adde
1760 2891 1859 2918 Iohan-

171 2946 235 2965 nem
256 2939 455 2967 caesariensem
476 2940 503 2966 in
524 2941 575 2967 hoc
595 2940 732 2968 volumine
752 2949 778 2976 p.
803 2945 861 2969 131.
883 2943 946 2970 adn.
1059 2930 1072 2935 d

1898 1953 1984 1974 Contra
1998 1952 2104 1982 Synusia-

1898 1981 1943 2001 stas
1958 1980 1979 2000 et
1993 1979 2056 2000 alios.
