2219 3322
267 202 335 235 608

314 265 436 299 duabus,
457 275 509 301 qua
530 275 610 301 super
630 274 657 292 re
678 264 848 294 ‚immisimus
868 265 895 291 in
916 265 1076 293 Euchiridio

318 319 345 337 n.
368 314 409 337 30.

263 355 402 381 Orationis
422 354 574 381 dominicae
593 353 746 387 explanatio
766 361 792 388 p.
807 356 935 380 261-267.

262 399 356 425 Oratio
377 404 504 434 perpetua
525 398 685 425 Christianis
705 398 831 424 convenit
851 406 875 432 p.
894 401 951 424 148.

263 443 355 469 Oratio
372 445 407 469 sit
422 443 557 475 solitaria,
573 446 722 473 nocturna,
738 441 840 475 xirida,
855 442 959 476 patiens
972 450 998 477 p.
1014 445 1072 469 186.

320 491 452 514 182260.
469 490 529 513 26⁸.
546 490 606 513 20³).
623 489 760 513 371421.

263 532 357 557 Osarit.
369 531 492 557 (Ihristus
512 530 576 564 quin
599 530 654 564 ipse
671 539 696 556 re
709 530 800 564 aliqua
821 530 956 564 indigeret
973 539 999 566 p.
1013 534 1074 558 424.

317 576 354 601 De
373 574 473 600 Christi
493 574 614 601 oratione
633 579 758 601 accurate
780 583 804 609 p.
821 578 881 601 425.

263 619 389 645 Ori-uenis
409 618 486 645 breve
506 618 727 653 supplementum
749 627 774 653 p.
790 622 850 645 284.
865 618 928 646 adn.

263 663 429 689 orthodoxia
449 663 572 697 apprime
590 663 742 690 necessaria
761 664 796 690 G.
812 671 828 697 p
851 666 912 691 587.

263 708 341 734 (17.1110
362 708 432 739 renis
451 707 628 742 sacrilegium
648 711 675 734 et
694 716 780 742 poena
800 708 830 734 P.
845 716 871 742 p.
886 711 946 735 658.

661 774 681 799 P

262 841 357 866 Pacem
379 848 440 866 011111
455 840 546 874 impiis
559 844 585 866 et
600 848 662 866 011111
676 839 846 867 heterodoxis
859 840 998 868 vitandam
1010 841 1078 869 dicit

315 884 449 919 Cyrillus.
464 892 497 910 ne
518 884 576 918 pari
595 892 626 910 ac.
645 883 686 910 illi
706 884 841 910 sententia
860 892 918 911 esse
938 884 1078 912 videamur

316 937 341 963 p.
364 932 424 955 309.

265 973 427 999 l‘achomius
446 973 588 1009 aegyptius
608 974 621 999 ὁ
640 974 704 999 πιέν-1
723 973 754 999 T.
770 981 795 1007 p.
812 976 874 1000 541.

264 1017 340 1043 Pacis
354 1017 412 1044 laus
426 1025 451 1051 p.
465 1021 526 1043 441.
545 1018 611 1043 Item
626 1018 700 1052 pacis
714 1017 913 1044 ecclesiasticae
926 1017 959 1044 G.
975 1025 1001 1052 p.
1016 1020 1076 1043 587.

264 1061 437 1087 Paenitentes
456 1061 626 1096 recipiendos
639 1070 712 1094 esse,
726 1069 760 1088 ne
779 1061 813 1088 ad
833 1061 983 1088 haereticos
1002 1065 1078 1088 tran-

316 1110 393 1132 seant
413 1114 438 1139 p.
460 1109 519 1132 106.

264 1150 450 1176 Paenitentiae
466 1149 571 1177 fructus
584 1151 748 1185 praecipuus
760 1154 799 1177 est
815 1149 882 1176 fides
897 1149 925 1176 in
939 1149 1078 1177 Christum

318 1202 343 1228 p.
369 1197 425 1220 142.

265 1237 449 1264 Paenitentiae
468 1241 670 1264 sacramentum
690 1237 814 1264 Christus
833 1237 950 1264 instituit
970 1245 996 1272 p.
1011 1240 1077 1270 214,

317 1285 344 1307 et
362 1281 474 1316 quidem
496 1282 655 1316 potestativa
677 1281 835 1308 absolvendi
855 1281 974 1308 formula
994 1282 1079 1309 eccle-

318 1326 373 1352 siae
394 1324 492 1352 tradita
512 1334 538 1360 p.
554 1329 614 1352 179.
630 1334 694 1352 cuni
714 1325 778 1352 adn.

265 1370 413 1404 Panopliae
422 1377 507 1396 norae
516 1369 686 1404 dogmaticae
694 1369 792 1396 titulus
801 1369 932 1404 repetitus
941 1370 970 1395 P.
981 1377 1007 1404 p.
1018 1372 1080 1397 662.

319 1415 412 1441 adnot.

265 1459 412 1486 Parabolae
436 1459 609 1487 seminatoris
636 1463 762 1486 accurata
791 1458 945 1493 explanatio
968 1466 993 1493 p.
1017 1461 1078 1485 218.

320 1512 376 1538 seq.

266 1548 426 1575 Parabolam
440 1548 473 1575 de
486 1548 595 1576 duobus
613 1548 678 1575 filiis
697 1547 787 1575 sobrio
802 1551 829 1573 et
843 1546 957 1582 prodigo
971 1546 1082 1574 diversis

318 1592 406 1620 modis
421 1601 452 1619 ac
463 1593 590 1620 sensibus
607 1597 696 1627 patres
709 1595 893 1626 exposuerunt
910 1600 936 1626 p.
952 1594 1011 1618 342.
1032 1592 1082 1627 Cy.-

319 1637 398 1663 rillus
418 1637 583 1664 sententiam
603 1644 682 1663 suam
701 1636 811 1670 exponit
829 1643 854 1670 p.
871 1638 931 1662 344.

267 1680 462 1707 Parabolarum
482 1680 725 1715 intelligendarum
745 1679 839 1714 regula
859 1678 951 1705 critica
971 1687 998 1714 p.
1019 1683 1080 1706 347.

268 1725 458 1760 Παραὲήσομαι
470 1724 685 1757 commendabo,
699 1732 746 1758 pro
758 1724 932 1759 παρατίθεμαι
947 1731 1084 1750 comunem

321 1770 356 1796 do
376 1771 460 1801 (Luc.
474 1770 566 1795 XXII.
581 1772 642 1800 46.)
661 1771 694 1795 Α.
710 1777 735 1803 p.
750 1772 811 1795 570.
829 1775 892 1795 cum
911 1767 1013 1803 Cyrillo
1033 1767 1082 1793 ibi-

321 1813 384 1840 dem
396 1814 425 1840 in
439 1813 502 1840 adn.
523 1814 568 1839 Sic
580 1812 653 1847 apud
668 1813 855 1847 Augustinum
875 1813 905 1838 in
917 1815 1011 1838 nostra
1024 1810 1082 1837 edi-

321 1857 394 1884 tione
413 1865 495 1884 serm.
515 1857 618 1883 XVIII.
638 1859 664 1883 2.
685 1856 810 1883 dimittes
829 1863 878 1890 pro
897 1855 1034 1887 dimittis,
1054 1855 1083 1880 in

323 1903 431 1927 cantico
449 1900 594 1927 Simeonis.

270 1945 347 1972 Paria
358 1944 509 1979 imparibus
519 1943 652 1976 tribuere.
666 1951 773 1971 summa
786 1942 919 1970 iniustitia
931 1946 971 1968 est
982 1950 1009 1976 p.
1020 1944 1081 1967 488.

270 1991 394 2017 Pastores
413 1996 462 2016 cur
481 1988 563 2023 primi
583 1989 717 2015 nuncium
731 1988 790 2014 nati
802 1986 916 2014 Domini
932 1985 1085 2020 acceperint

324 2042 350 2068 p.
373 2036 431 2060 124.

272 2081 350 2106 Pater
370 2081 457 2111 Deus,
474 2078 507 2106 de
527 2086 558 2106 eo
576 2077 729 2112 theologice
748 2085 774 2112 p.
789 2080 814 2104 3.

273 2127 371 2160 Πατρός
385 2125 464 2151 101110
480 2123 631 2151 necessaria
645 2121 733 2157 (apud
748 2121 864 2148 Paulum
879 2122 914 2147 II.
929 2120 991 2147 Cor.
1005 2120 1084 2146 xlll.

327 2173 386 2201 13.)
407 2178 432 2204 p.
448 2172 491 2195 22.
506 2168 570 2196 adn.

273 2215 352 2242 Pauli
372 2214 565 2241 samosatensis
584 2212 704 2239 haeresis
724 2220 750 2246 p.
767 2214 825 2238 149.
841 2215 866 2238 et
880 2213 913 2237 A.
930 2219 955 2245 p.
972 2213 1033 2237 570.

274 2261 377 2288 Paulus
397 2260 548 2286 monachus
566 2258 619 2285 fert
638 2258 742 2295 litteras
762 2257 795 2284 ad
813 2257 946 2293 (Tyrillum
967 2264 992 2291 p.
1009 2259 1068 2282 108.

276 2304 446 2339 Paupertatis
465 2303 634 2330 voluntariae
653 2302 714 2329 laus
733 2310 759 2336 p.
774 2304 834 2328 265.
851 2303 911 2327 292.

275 2351 389 2376 Peccare
408 2348 578 2375 universitati
598 2347 742 2373 hominum
761 2353 907 2372 commune
926 2347 967 2371 est
985 2352 1011 2379 p.
1025 2347 1068 2371 50.

276 2395 388 2420 Peccata
409 2391 524 2419 venialia
545 2400 569 2426 p.
586 2394 647 2417 291.
786 2418 792 2421 ‚

276 2439 452 2464 Peccatorum
473 2435 596 2462 remissio
615 2435 646 2461 fit
664 2435 692 2461 in
712 2434 825 2461 ecclesia
845 2442 872 2468 p.
891 2436 949 2460 176.
966 2436 1025 2459 177.

278 2483 421 2508 Peccatum
442 2479 575 2515 originale
594 2487 620 2514 p.
638 2482 680 2505 44.
698 2482 756 2505 120.
772 2481 831 2505 133.
848 2480 907 2504 152.
927 2480 989 2503 414.
1010 2480 1037 2503 et
1055 2478 1088 2503 A.

331 2533 356 2560 p.
375 2529 435 2551 575.

280 2573 426 2605 Περίπτερω
447 2569 597 2604 explicatur
615 2576 712 2594 marus
732 2575 746 2594 a
766 2566 868 2602 cyrillo
889 2574 914 2601 p.
930 2569 991 2593 467.

280 2614 434 2641 Persecutio
453 2614 583 2640 immanis
601 2612 654 2640 sub
672 2610 883 2646 imperatoribus
904 2610 1008 2644 graecis
1028 2609 1091 2636 hae-

333 2659 424 2685 reticis
444 2659 473 2684 P.
488 2665 514 2692 p.
531 2659 591 2683 (356.

284 2703 465 2729 Personarum
484 2700 614 2727 unionem
635 2699 701 2726 dicit
713 2699 832 2735 (ζμ-111115
851 2698 927 2725 illam
944 2706 1027 2733 quam
1047 2698 1093 2725 alii

335 2750 425 2780 patres
449 2745 546 2772 dicunt
567 2746 597 2771 in
617 2744 724 2771 Christo
748 2751 892 2779 personam
916 2742 1094 2777 compositam

336 2799 362 2825 p.
383 2793 444 2816 455.

286 2837 390 2861 Herma*
411 2843 458 2869 pro
478 2835 586 2870 κόρακας
602 2834 686 2866 (Luc.
702 2834 765 2860 xll.
780 2835 842 2865 24.)
857 2830 964 2867 legebat
977 2830 1095 2866 Cyrinus

338 2887 363 2914 p.
385 2882 445 2906 297.

1055 212 1153 235 INDEX

1129 267 1202 294 Petri
1221 268 1336 303 apostoli
1351 267 1539 296 concionantis
1553 269 1672 304 prudens
1685 272 1842 299 oeconomia
1857 280 1881 308 p.
1896 276 1940 300 92.

1181 320 1239 346 seq.

1129 356 1239 382 Petrum
1260 355 1405 382 Fullonem
1418 356 1457 383 vel
1472 357 1584 384 Petrum
1599 359 1729 393 Mongum
1741 381 1748 394 ‚
1766 360 1941 396 reprehendit

1182 399 1308 426 Gelasius
1328 407 1396 433 papa
1415 401 1445 427 P.
1463 409 1488 435 p.
1507 404 1566 428 657.

1130 443 1225 470 Petrus
1244 451 1258 469 a
1278 443 1386 470 Christo
1405 445 1572 474 constitutus
1591 447 1759 476 credentium
1780 450 1939 478 firmamen-

1183 491 1239 512 tum
1259 490 1286 513 ct
1305 487 1433 522 magister
1452 497 1478 523 p.
1493 492 1554 516 420.

1130 532 1224 557 Petrus
1243 534 1269 557 et
1288 531 1423 559 Iohannes
1443 533 1588 561 columnae
1606 535 1736 563 ecclesiae
1754 545 1780 572 p.
1794 540 1855 564 465.

1130 575 1224 600 Petrus
1248 582 1302 608 quo
1325 582 1406 602 sensu
1429 577 1559 604 iuraverit
1577 587 1604 606 se
1624 579 1762 607 Christum
1786 589 1843 608 11011
1860 589 1940 610 nosse

1183 627 1208 652 p.
1229 621 1289 644 429.

1130 662 1382 690 Phantasiastarum
1403 663 1522 692 haeresis
1540 674 1566 700 p.
1580 670 1640 694 435.
1654 671 1715 695 443.

1130 707 1267 733 Pharisaei
1285 707 1436 734 avarissimi
1455 707 1566 736 suerunt
1584 719 1609 745 p.
1623 714 1684 740 280.

1130 751 1323 785 Philosophiae
1342 751 1506 779 christianae
1525 753 1646 782 delinitio
1666 763 1691 789 p.
1707 760 1766 784 370.

1130 795 1305 829 Philosophia
1324 795 1433 822 ethnica
1453 795 1604 824 remedium
1625 800 1768 828 animabus
1786 810 1842 829 non
1863 811 1942 838 prae-

1183 839 1263 866 bebat
1283 848 1308 874 p.
1325 843 1386 866 228.

1131 883 1242 910 Photini
1261 888 1287 910 et
1299 884 1377 911 Pauli
1396 885 1588 912 samosatensis
1607 885 1724 914 haeresis
1738 889 1767 914 P.
1782 896 1808 923 p.
1822 892 1864 916 30.
1879 893 1940 917 603.

1184 931 1244 955 613.
1259 931 1319 955 649.
1708 936 1711 939 ’

1132 972 1221 999 Pietas
1235 981 1297 1008 erga
1308 974 1397 999 Deum
1408 972 1584 1000 anteferenda
1595 974 1681 1001 amori
1692 979 1834 1009 pareutum
1845 986 1871 1012 p.
1881 981 1942 1005 245.

1132 1017 1278 1044 Pluralitas
1297 1017 1395 1052 incipit
1412 1025 1427 1044 a
1446 1017 1566 1045 ternario
1585 1025 1700 1044 numero
1719 1019 1748 1044 P.
1763 1027 1789 1053 p.
1803 1022 1864 1047 620.

1133 1064 1260 1095 Πνεῦματι
1271 1062 1350 1089 lectio
1359 1065 1367 1094 (
1376 1063 1396 1088 1.
1407 1063 1642 1096 C0r.Il.13.)prO
1654 1065 1835 1098 πνευματικοῖς
1849 1072 1875 1098 p.
1884 1067 1944 1092 411,

1132 1107 1377 1133 Pneumatomachi
1395 1111 1551 1141 arguuntur
1569 1114 1595 1141 p.
1611 1110 1672 1134 273.

1133 1151 1230 1177 Poctor
1248 1151 1331 1178 abbas
1350 1151 1492 1186 aegyptius
1511 1152 1542 1178 T.
1558 1159 1584 1186 p.
1600 1154 1661 1178 541.
1675 1159 1732 1186 seq.

1133 1193 1272 1220 potentias
1291 1194 1397 1229 aliquas
1422 1194 1558 1222 maleficas
1578 1195 1607 1221 in
1626 1202 1738 1229 corpore
1761 1195 1884 1223 humano
1903 1203 1948 1223 su-

1185 1239 1342 1272 spicabatur
1360 1239 1480 1274 Cyrillus
1499 1247 1525 1273 p.
1544 1242 1603 1266 166.

1134 1282 1304 1309 Praedicatio
1322 1283 1475 1317 evangelica
1495 1283 1585 1318 qualis
1605 1291 1662 1310 esse
1681 1283 1778 1310 debeat
1797 1292 1822 1318 p.
1839 1287 1865 1313 2.

1134 1325 1338 1354 Praedicatores
1360 1326 1493 1361 evangelii
1516 1328 1571 1354 sint
1594 1328 1731 1354 mansueti
1750 1332 1777 1354 et
1799 1328 1949 1363 patientes,

1188 1378 1244 1396 non
1263 1369 1390 1397 iracundi
1408 1375 1435 1397 et
1453 1370 1626 1398 vehementes
1645 1379 1671 1406 p.
1686 1374 1746 1398 244.

1136 1413 1374 1441 Praedicator-ihus
1395 1414 1525 1441 viatorius
1546 1414 1656 1442 habitus
1677 1416 1952 1444 convenientissimus

1188 1461 1229 1484 est
1248 1465 1274 1492 p.
1291 1461 1352 1484 301.

1136 1501 1330 1528 Praesentinus
1349 1501 1489 1537 presbyter
1508 1510 1534 1537 p.
1551 1506 1610 1530 108.

1136 1546 1279 1573 Praesules
1298 1546 1427 1573 ecclesiae
1450 1546 1591 1574 laboribus
1614 1547 1732 1574 assiduis
1755 1548 1882 1583 occupari
1904 1547 1952 1575 de-

1189 1590 1252 1617 bere
1271 1598 1297 1625 p.
1312 1593 1372 1617 233.
1387 1593 1447 1617 258.

1137 1635 1298 1662 Praesulum
1319 1634 1449 1661 ecclesiae
1468 1643 1548 1669 grave
1567 1635 1688 1661 officium
1708 1644 1734 1669 p.
1750 1639 1810 1661 305.
1825 1639 1885 1662 306.

1138 1679 1326 1713 Praesumptio
1338 1680 1455 1710 (οἴησις)
1467 1678 1616 1713 profectum
1629 1685 1677 1703 seu
1688 1677 1887 1704 incrementum
1901 1679 1951 1705 vir-

1190 1723 1258 1749 tutis
1278 1723 1392 1757 impedit
1410 1731 1436 1756 p.
1450 1726 1511 1749 488.

1138 1767 1339 1801 Primogenitus
1358 1774 1389 1792 ex
1408 1765 1509 1798 Maria,
1527 1765 1622 1792 eodem
1642 1773 1724 1792 sensu
1744 1774 1798 1799 quo
1817 1767 1952 1799 primoge-

1191 1812 1266 1837 nitus
1284 1818 1315 1836 ex
1328 1811 1384 1836 Deo
1399 1813 1474 1844 patre
1487 1817 1513 1843 p.
1531 1812 1588 1836 123.
1610 1808 1716 1835 Ibidem
1731 1809 1800 1835 aliae
1813 1809 1896 1836 huius
1908 1816 1953 1835 vo-

1191 1854 1280 1880 cabuli
1301 1852 1507 1887 explicationes.

1138 1897 1314 1924 Proverbium
1339 1896 1479 1923 iudaicum
1502 1896 1571 1922 fuit:
1593 1897 1699 1923 medice
1723 1905 1794 1923 cura
1814 1898 1840 1923 ie
1860 1898 1952 1931 ipsum

1192 1950 1217 1976 p.
1241 1945 1299 1968 161.

1140 1986 1259 2012 Proximi
1278 1985 1426 2019 evangelici
1445 1984 1569 2011 definitio
1589 1992 1615 2018 p.
1630 1987 1690 2010 257.

1139 2030 1242 2057 Psalmi
1252 2031 1309 2056 XC.
1321 2029 1470 2056 versiculus
1479 2032 1504 2056 0.
1515 2029 1585 2055 male
1597 2029 1682 2055 lectus
1693 2028 1726 2055 ab
1737 2028 1845 2055 Arianis
1856 2037 1882 2063 p.
1894 2033 1954 2057 154.

1193 2074 1306 2105 <utiam
1326 2073 1395 2100 dixit
1406 2073 1526 2108 Cyrillus
1539 2072 1621 2099 etiam
1640 2072 1669 2098 in
1682 2079 1781 2099 comm.
1795 2071 1830 2098 ad
1849 2072 1955 2106 praedi-

1194 2123 1269 2144 ctum
1289 2117 1455 2152 psalmum.)

1141 2161 1264 2189 Pusillus
1283 2169 1347 2196 grex
1366 2160 1504 2196 quomodo
1523 2160 1694 2195 intelligatur
1712 2168 1738 2194 p.
1755 2162 1814 2186 299.

1142 2205 1339 2232 Ptolemaicum
1358 2209 1477 2240 systema
1496 2204 1529 2231 de
1549 2204 1614 2231 solis
1633 2211 1714 2230 cursu
1734 2212 1759 2238 p.
1777 2206 1819 2230 33.

1142 2250 1272 2285 Purgatio
1291 2250 1318 2277 iu
1337 2249 1477 2277 oblatione
1496 2250 1558 2276 Iesu
1577 2248 1724 2284 improprie
1742 2248 1814 2275 dicta
1835 2256 1860 2282 p.
1877 2250 1936 2274 133.

1540 2316 1563 2350 Q

1144 2385 1273 2420 Quaestio
1292 2388 1347 2417 est,
1365 2391 1433 2410 num
1452 2384 1482 2409 B.
1502 2381 1588 2408 Maria
1609 2380 1776 2408 oblationem
1796 2383 1957 2414 utramque,

1197 2437 1233 2456 an
1251 2428 1426 2460 alterutram,
1441 2426 1535 2453 fecerit
1553 2429 1692 2452 turturum
1708 2429 1736 2451 et
1753 2423 1956 2451 columbarum.

1197 2473 1317 2508 Cyrillus
1330 2480 1355 2506 p.
1369 2474 1427 2498 132.
1441 2473 1500 2497 134.
1513 2469 1581 2496 dicit
1594 2473 1749 2503 utramque.
1763 2469 1869 2495 Harum
1884 2467 1960 2494 obla-

1199 2518 1306 2544 tionum
1327 2515 1440 2551 mystica
1459 2513 1639 2549 significatio,
1659 2512 1772 2539 ibidem.

1540 2581 1565 2607 R

1147 2651 1272 2679 Rebellio
1291 2647 1501 2684 reprehenditur
1541 2650 1621 2674 .313.

1148 2696 1237 2731 Regni
1258 2695 1306 2722 Dei
1331 2692 1452 2720 dictione
1475 2691 1541 2727 quid
1561 2691 1685 2718 Christus
1708 2689 1838 2717 denotare
1861 2689 1962 2716 soleret

1203 2748 1228 2775 p.
1246 2742 1308 2766 413.

1150 2784 1324 2812 Resurrectio
1343 2789 1488 2817 corporum
1507 2780 1642 2808 adseritur
1661 2787 1687 2814 p.
1703 2782 1764 2806 403.
1778 2781 1839 2805 442.

1150 2828 1369 2857 Resurrectionis
1392 2830 1501 2854 nostrae
1525 2823 1664 2860 quomodo
1682 2823 1808 2851 Christus
1827 2829 1909 2849 causa
1928 2820 1965 2848 sit

1205 2881 1232 2908 p.
1251 2875 1311 2899 416.
