2219 3322
372 223 440 256 252

370 297 559 332 secundum
574 298 836 332 humanitatem.
852 299 983 343 Nempe
997 299 1100 332 ctiam
1112 310 1188 344 pro-

372 356 492 401 pheta,
506 357 554 390 uti
568 357 718 400 Moyses,
736 355 927 401 appellatus
941 355 1000 389 fuit
1014 382 1021 395 ,
1039 357 1188 402 itemque

371 413 414 447 (le
433 414 538 458 stirpe
553 412 701 446 Davidis.
724 414 842 458 Neque
861 413 933 446 eius
947 424 1118 458 agnomen
1132 426 1188 447 rc-

371 482 588 508 moveamus;
606 481 683 503 nam
704 470 968 515 dispensationis
987 471 1060 504 eius
1078 471 1188 504 virtu-

372 534 439 561 tem
453 529 690 573 rationemque
701 528 779 561 satis
793 528 965 561 novimus.
982 529 1099 573 Neque
1113 540 1188 574 pro-

371 586 446 630 prie
472 584 640 630 templum
667 584 746 622 fuit,
769 584 864 630 quod
892 585 1022 619 adtinet
1048 585 1089 619 ad
1116 586 1188 619 eius

372 648 527 675 naturam
541 654 548 679 ;
567 643 692 675 etenim
707 643 816 675 Deum
830 654 902 675 esse
916 649 1069 688 apparet.
1085 643 1187 683 Quod

371 700 397 732 si
417 700 549 732 animae
564 710 581 733 a
595 710 742 744 corpore
761 711 824 733 suo
843 701 1095 745 separationem
1108 712 1188 746 per-

371 757 481 794 misit,
503 763 658 802 separata
679 757 902 790 nihilominus
921 757 963 790 ad
984 769 1063 790 eum
1082 758 1188 803 perti-

372 813 494 852 nebat,
507 814 600 847 haud
615 826 710 847 secus
723 826 826 860 quam
840 814 982 860 singulis
996 814 1095 848 nobis
1107 826 1188 860 pro-

373 871 487 916 prium
514 882 653 916 corpus,

373 959 447 992 XX.
464 958 562 991 Idem
580 958 730 1005 Cyrillus
748 958 782 992 in
798 959 916 992 eodem
932 959 1033 993 libro.
1054 961 1187 1003 (Extat

443 1015 501 1048 llic
527 1016 622 1049 loeus
638 1016 748 1050 elsam
770 1017 870 1063 apud
887 1018 1049 1051 Severum
1071 1016 1189 1049 antio-

443 1072 592 1106 chenum
611 1074 647 1106 in
666 1087 767 1120 opere
786 1073 934 1110 inedito,
953 1074 1048 1120 quod
1064 1073 1189 1107 inseri-

444 1130 540 1163 bz'tur
566 1130 793 1164 Pltz'laletlzes.
807 1133 819 1174 )

444 1216 627 1262 Proprium
653 1223 703 1250 est
729 1217 842 1262 itaque
863 1216 998 1250 divinae
1025 1223 1186 1255 naturae,

374 1279 409 1307 ut
424 1279 501 1307 ante
515 1274 629 1307 omnia
650 1273 782 1307 saecula
801 1274 855 1307 sit.
873 1274 1046 1307 Peculiare
1060 1274 1190 1319 pariter

372 1331 475 1365 Verbi
501 1331 656 1365 eiusdem
682 1331 763 1370 fuit,
787 1338 825 1365 ut
851 1332 1033 1377 postremis
1054 1338 1190 1377 tempo-

373 1388 469 1422 ribus
495 1400 596 1422 carne
623 1389 819 1434 praeditum
846 1395 1052 1422 nasceretur.
1081 1390 1189 1422 Porro

375 1447 531 1480 uatixitas
550 1448 622 1480 eius
640 1447 684 1480 de
698 1448 834 1492 Virgine
846 1472 854 1486 ,
872 1458 971 1480 causa
984 1446 1099 1480 Verbo
1118 1457 1189 1480 non

374 1503 437 1538 fuit
463 1504 649 1543 existendi,
673 1505 732 1538 sed
758 1505 830 1538 eius
856 1505 890 1538 in
917 1516 1019 1538 carne
1044 1504 1190 1537 manife-

373 1563 539 1596 stationis.
569 1562 726 1597 Profecto
752 1574 822 1596 non
848 1569 896 1595 est
916 1561 1068 1595 Verbum
1095 1573 1190 1595 mor-

375 1620 440 1654 tale
467 1620 510 1654 de
535 1621 690 1659 mortali,
715 1620 774 1654 sed
795 1620 837 1654 de
858 1621 993 1654 xivente
1019 1626 1115 1665 patre
1137 1620 1190 1653 vi-

373 1690 472 1711 vens:
495 1678 746 1723 propriumque
766 1678 873 1724 ipsius
899 1678 1023 1716 evasit,
1043 1677 1101 1722 qui
1121 1677 1188 1709 xita

372 1742 438 1775 est,
460 1736 606 1770 mortale
632 1747 758 1781 corpus
777 1735 820 1768 de
839 1735 977 1768 mortali
997 1741 1133 1773 natum,
1156 1740 1190 1767 et

373 1794 476 1826 morti
491 1792 699 1827 obnoxium:
716 1799 753 1826 ut
766 1793 800 1826 in
813 1791 875 1825 illo
889 1803 966 1825 cum
982 1797 1093 1824 morte
1107 1802 1189 1824 con-

373 1850 511 1896 ssigens,
531 1857 563 1884 ct
582 1865 600 1886 e
622 1851 767 1884 mortuis
793 1861 993 1895 resurgens,
1015 1850 1049 1882 in
1075 1849 1190 1882 incor-

373 1908 633 1955 ruptibilitatem
652 1909 686 1942 id
706 1910 818 1955 ipsum
838 1907 1047 1945 xiiitticaoet,
1069 1907 1190 1940 morti—

372 1978 440 2012 que
458 1968 615 2013 supcrius
633 1967 906 2003 demonstraret,
926 1966 1057 1998 etiamsi
1076 1965 1110 1998 id
1130 1976 1190 1998 na-

373 2031 449 2058 tura
462 2037 520 2058 sua
536 2027 569 2059 in
585 2027 705 2059 mortis
720 2025 892 2070 mancipio
906 2030 991 2057 erat.
1009 2023 1189 2057 Debilitata

372 2089 420 2116 est
442 2089 556 2117 autem
573 2095 668 2117 mors
687 2096 727 2117 ex
745 2095 816 2129 quo
838 2094 916 2116 cum
937 2084 1024 2116 vitae
1042 2094 1189 2128 corpore

372 2140 543 2185 proelium
570 2143 754 2175 conseruit.

431 2230 520 2262 XXI.
544 2230 643 2263 Idem
663 2230 812 2276 tyrillus
832 2229 868 2263 in
886 2230 1005 2263 eodem
1023 2230 1124 2264 libro.

444 2314 540 2347 Nunc
550 2313 728 2351 breviter.
746 2317 772 2349 si
788 2316 915 2362 placet,
934 2316 1188 2361 transgredien-

372 2378 422 2406 tes
434 2372 475 2405 ad
488 2373 773 2408 considerandam
785 2376 968 2408 servatoris
981 2376 1088 2409 nostri
1099 2375 1190 2408 Chri-

373 2432 413 2464 sti
439 2442 640 2477 personam,
663 2431 834 2466 diversam
860 2445 931 2466 esse
958 2433 1189 2478 comperimus

373 2495 547 2527 naturam,
564 2490 617 2523 cui
629 2489 787 2534 imposita
800 2497 861 2523 est.
876 2491 1014 2523 Interim
1028 2490 1099 2535 ipse
1110 2502 1190 2535 per-

374 2558 455 2580 sona
483 2547 695 2593 hypostatica
721 2554 771 2580 est
797 2553 898 2592 atque
924 2547 1101 2587 absoluta,
1125 2548 1189 2581 liu-

375 2605 517 2638 manitas
543 2611 575 2639 et
601 2605 785 2641 divinitas2
813 2605 1008 2651 diciturque
1034 2618 1188 2640 summus

373 2662 544 2707 pontifex,
566 2663 674 2697 factor
700 2669 733 2696 et
760 2662 880 2697 sactus.

423 2751 526 2784 XXII.
550 2751 647 2784 Idem
671 2751 820 2798 Cyrillus
839 2750 873 2783 in
896 2751 1014 2784 eodem
1036 2751 1137 2786 libro.

444 2834 509 2868 Sed
537 2835 680 2868 fortasse
707 2841 743 2868 tu
768 2834 868 2868 dicis:
889 2846 971 2880 ergo
997 2846 1066 2868 non
1094 2834 1189 2869 habi-

375 2893 456 2926 tavit
476 2894 510 2926 in
531 2892 591 2926 illo
616 2893 796 2939 plenitudo
822 2894 979 2927 universa
1005 2892 1190 2927 divinitatis

1000 233 1014 255 S
1021 246 1027 253 .
1056 232 1183 255 CYRILLI
1209 234 1429 257 ALEXANDRISI

1242 311 1407 346 corporea
1422 299 1566 333 ratione.
1580 299 1708 333 Verum
1718 299 1801 338 hoe,
1818 299 1959 344 inquam
1969 327 1976 339 ,
1990 307 2057 339 est;

1242 367 1414 401 nemoque
1425 368 1539 390 sacrae
1553 356 1743 402 scripturae
1757 357 1974 391 contradicit.
1991 359 2060 391 Nos

1242 421 1355 448 tamen
1375 414 1538 453 dicimus,
1554 413 1615 447 Iilii
1635 414 1850 447 divinitatem
1866 414 1956 448 haud
1979 414 2061 448 alie-

1242 484 1287 505 no
1314 473 1348 505 in
1376 483 1541 518 corpore,
1563 472 1621 505 scd
1650 473 1684 505 in
1710 483 1773 505 suo
1794 472 1906 517 potius
1931 471 2060 517 templo

1242 529 1429 569 habitasse,
1445 530 1539 563 velut
1559 531 1593 563 in
1614 529 1755 563 homine
1771 530 1882 562 anima
1893 555 1900 567 ‚
1916 540 2005 574 quae
2020 529 2063 562 li-

1242 593 1294 621 cet
1308 599 1326 620 a
1340 599 1442 621 carne
1457 587 1620 621 disserens
1630 613 1638 626 ,
1651 593 1800 620 attamen
1814 598 1879 620 una
1894 598 1971 620 cum
1987 597 2062 620 car-

1242 656 1284 678 ne
1303 651 1462 678 naturam
1482 645 1632 678 hominis
1652 644 1805 690 perficit,
1826 651 1863 678 ut
1882 645 1925 677 sit
1944 645 2062 677 Petrus

1241 701 1295 734 vel
1317 701 1452 735 Paulus.
1481 703 1556 736 Hoc
1574 703 1681 736 immo
1700 702 1892 736 evidentius
1912 703 1945 735 in
1965 701 2060 735 Chri-

1242 764 1295 792 sto
1315 765 1377 793 est.
1399 760 1518 804 Neque
1538 765 1651 792 tamen
1670 759 1801 793 idcirco
1820 759 1982 797 dicimus,
1999 759 2061 792 Dei

1242 816 1395 850 Verbum
1406 817 1538 851 animae
1550 817 1666 851 officio
1678 817 1712 850 in
1724 828 1870 862 corpore
1883 816 2039 850 sunctum
2050 842 2059 854 ‚

1242 885 1330 919 quae
1349 875 1495 920 pessima
1515 874 1767 908 nonnullorum
1780 875 1900 920 opinio
1915 880 1982 912 est,
2000 873 2061 907 sed

1243 937 1399 965 sanctum
1413 932 1486 965 eius
1501 942 1627 977 corpus
1641 931 1856 976 intelligente
1876 932 1989 964 anima
2007 930 2061 964 di-

1243 990 1352 1022 cimus
1377 1000 1449 1022 esse
1476 989 1677 1022 animatum.

1291 1078 1413 1110 XXIII.
1436 1077 1536 1110 Idem
1553 1076 1703 1123 erillus
1723 1075 1759 1109 in
1774 1075 1892 1109 eodem
1907 1075 2010 1109 libro.

1316 1163 1376 1196 Dei
1391 1161 1541 1196 Verbum
1555 1173 1635 1195 vere
1648 1162 1683 1194 in
1696 1159 1859 1194 omnibus
1873 1159 2061 1206 perfectum

1243 1226 1312 1259 est,
1330 1232 1442 1265 neque
1462 1221 1674 1253 incremento
1693 1218 1836 1264 indiget.
1857 1218 1982 1250 Natum
2003 1227 2062 1250 au·

1244 1283 1313 1311 tem
1339 1278 1529 1323 perfeetum
1557 1277 1600 1311 de
1628 1283 1723 1322 patre
1744 1282 1814 1314 est,
1836 1274 1999 1320 sapientia
2018 1273 2063 1308 de

1243 1336 1410 1381 sapientia
1420 1361 1428 1374 ,
1445 1335 1598 1381 potentia
1612 1334 1655 1367 de
1669 1334 1835 1379 potentia.
1852 1334 1892 1365 lit
1907 1332 1986 1377 quia
2001 1342 2062 1365 na-

1244 1396 1320 1427 tura
1346 1392 1549 1427 inmutabile
1574 1398 1642 1431 est,
1667 1391 1751 1425 nihil
1780 1391 1810 1424 ei
1838 1389 2007 1435 templum
2026 1389 2061 1421 in

1243 1462 1314 1496 quo
1340 1452 1432 1485 stetit
1457 1452 1594 1489 nocuit,
1624 1449 1684 1483 sed
1710 1448 1896 1495 perfectam
1922 1447 2062 1481 retinuit

1245 1509 1463 1554 sapientiam,
1485 1508 1692 1553 potentiam,
1713 1513 1746 1540 et
1773 1506 1905 1550 reliqua
1931 1504 2059 1538 omnia.

1244 1565 1330 1598 Caro
1349 1566 1468 1610 utique
1483 1563 1657 1598 crescebat
1672 1562 1805 1597 viribus
1819 1562 1984 1608 paulatim
2003 1573 2064 1594 au-

1244 1630 1314 1661 cta,
1338 1629 1443 1668 prout
1466 1622 1638 1655 humanae
1664 1627 1806 1654 naturae
1832 1621 1906 1654 iura
1932 1619 2059 1652 ferunt.

1244 1679 1397 1713 Verbum
1417 1686 1530 1714 autem
1556 1680 1649 1713 carui
1669 1680 1804 1712 unitum
1825 1677 1989 1724 paulatim
2009 1687 2063 1710 sa-

1244 1738 1407 1783 pientiam
1422 1749 1518 1771 suam
1534 1735 1790 1774 manifestabat,
1805 1746 1893 1780 quae
1907 1734 2063 1779 corporis

1244 1796 1495 1828 incrementum
1522 1793 1769 1832 comitabatur,
1787 1799 1819 1827 et
1845 1792 2002 1838 corporis
2027 1802 2062 1824 se

1244 1860 1392 1888 staturae
1419 1853 1628 1887 adamussim
1655 1850 1950 1886 accommodabat.

1281 1943 1400 1976 XXIV.
1424 1942 1523 1976 Idem
1548 1941 1700 1988 Cyrillus
1721 1940 1757 1973 in
1776 1940 1894 1973 eodem
1915 1939 2017 1972 libro.

1316 2029 1408 2073 Ergo
1428 2027 1471 2061 ad
1490 2026 1751 2060 similitudinem
1775 2031 1928 2058 nostram
1955 2024 2063 2069 parti-

1245 2098 1323 2132 ceps
1339 2086 1400 2119 fuit
1416 2086 1528 2119 carnis
1543 2091 1575 2118 et
1591 2084 1777 2130 sanguinis.
1801 2083 1953 2127 Cumque
1967 2092 2063 2114 mor-

1244 2151 1312 2178 tem
1326 2145 1420 2178 carni
1433 2155 1513 2177 snae
1527 2142 1761 2188 applicuisset,
1776 2141 1954 2186 ipsamque
1967 2149 2063 2172 mor-

1245 2208 1311 2235 tem
1339 2201 1580 2238 destruxisset,
1600 2210 1747 2245 corpora
1768 2197 1925 2231 mortalia
1946 2202 2062 2230 nostra

1244 2260 1286 2293 ad
1314 2257 1675 2304 incorruptibilitatem
1700 2255 1842 2293 direxit,
1862 2260 1899 2287 ut
1918 2265 2062 2287 carneo-

1245 2330 1321 2352 rum
1338 2318 1576 2352 membrorum
1590 2315 1756 2350 rebellem
1772 2314 1883 2359 legem
1897 2312 1939 2347 ab
1955 2324 1993 2347 ea
2008 2319 2062 2358 ty-

1244 2376 1389 2409 rannide
1408 2387 1475 2421 qua
1493 2386 1555 2408 nos
1574 2370 1752 2420 premebat
1767 2372 1940 2407 deiiceret.
1959 2375 2061 2408 Secus

1244 2435 1335 2467 enim
1362 2435 1429 2467 xita
1456 2434 1559 2467 morti
1579 2445 1649 2467 uon
1668 2438 1755 2467 esset
1780 2433 1975 2470 dominata,
1998 2433 2061 2466 nisi

1244 2491 1396 2525 Verbum
1408 2491 1564 2525 mortalis
1574 2492 1731 2536 corporis
1744 2490 1861 2524 fuisset
1873 2490 2058 2536 particeps:

1244 2561 1356 2594 neque
1376 2549 1455 2582 item
1473 2548 1700 2594 cupiditatum
1713 2547 1923 2582 'naturalium
1940 2547 2061 2581 stimu-

1244 2607 1298 2640 lus
1324 2613 1458 2640 retusus
1484 2606 1620 2645 fuisset,
1650 2606 1714 2639 nisi
1740 2605 1843 2639 Verbi
1870 2616 1996 2650 corpus
2021 2615 2059 2637 ex

1244 2664 1395 2697 humana
1415 2670 1532 2698 nostra
1552 2670 1671 2697 natura
1691 2669 1867 2709 sumptum
1888 2662 2016 2695 fuisset.

1292 2754 1395 2787 XXV.
1418 2753 1518 2786 Idem
1539 2752 1690 2799 Cyrillns
1711 2751 1747 2785 in
1767 2751 1885 2785 eodem
1905 2750 2007 2784 libro.

1316 2837 1506 2871 Inanimem
1526 2835 1617 2870 haud
1638 2835 1783 2870 dicimus
1803 2846 1938 2869 carnem
1966 2833 2058 2867 illam

1244 2894 1358 2929 Verbo
1374 2895 1503 2928 unitam
1513 2920 1521 2934 ‚
1537 2906 1625 2940 quae
1639 2894 1683 2927 de
1696 2894 1824 2928 semine
1838 2892 1975 2927 Davidis
1993 2898 2056 2927 cst.
