2239 3317
52 1141 63 1154 Γ
72 1139 99 1160 k.
110 1139 159 1160 Vll.
170 1143 201 1161 16.

966 208 1009 231 An
1034 208 1198 232 ARMENIOS
1205 224 1211 231 .

244 278 297 306 ret
316 278 418 318 atque
438 274 662 310 instauraret,
683 284 821 307 necesse
842 273 905 307 fuit
923 278 961 306 ut
982 284 1063 319 prae

244 331 471 365 ceterisillam
483 339 616 378 partem
630 332 839 370 adsumeret,
854 342 942 377 quae
953 332 1062 377 prima

244 389 375 433 peccati
397 389 483 422 vitio
509 389 634 423 infecta
660 389 860 423 universum
876 380 1063 421 ‘hominem

242 456 382 489 pessum
402 435 522 479 dedit(
540 447 675 479 Etenim
694 447 785 479 Deus
805 445 946 490 quidem
966 445 1063 478 initio

241 501 417 536 Adamum
432 502 634 536 naturaliter
652 503 873 536 innocentem
889 508 1064 536 creaverat

242 564 277 591 et
303 557 412 592 libera
438 570 518 593 cum
544 559 735 593 voluntate.
760 560 985 605 'Quapropter
1010 559 1063 592 in-

241 615 355 660 clytus
380 616 587 650 Athanasius
611 616 697 649 dixit
722 617 787 661 (l),
813 623 952 650 naturas
977 616 1062 649 duas

241 672 284 706 ab
310 674 383 718 ipsa
408 673 589 707 voluntate
613 673 649 706 in
675 685 745 707 uno
771 673 916 707 domino
942 679 1062 707 nostro

241 730 317 763 lesu
336 730 472 764 Christo
491 730 663 768 denotari.
692 731 762 771 Etsi
781 732 873 764 enim
891 732 919 764 is
937 730 1061 765 volun-

240 793 346 821 tatem
359 787 551 821 secundum
566 786 758 821 humanum
773 787 987 822 intellectum
1002 787 1061 821 ad-

239 851 452 890 sumpserat,
470 846 579 891 ipsam
595 851 709 879 tamen
728 846 822 879 haud
842 845 962 879 habuit
977 857 1061 880 con-

239 903 399 941 trariam,
420 903 481 936 sed
507 903 580 937 Deo
606 915 749 949 prorsus
768 903 1007 943 conformem,
1027 910 1061 937 et

238 959 282 993 ad
293 966 473 1005 peccatum
485 960 682 994 nullatenus
692 972 854 1006 pronam,
867 961 947 1006 quia
960 972 1060 994 num-

237 1028 342 1062 quam
361 1017 476 1051 divina
497 1017 659 1051 voluntas
676 1017 737 1051 abs
756 1018 903 1051 naturali
920 1018 1057 1057 aberat;

236 1075 344 1108 immo
370 1074 457 1108 haec
477 1074 556 1108 talis
581 1086 726 1120 prorsus
745 1074 952 1120 apparebat,
972 1087 1059 1121 qua-

236 1131 304 1165 lem
331 1132 365 1165 in
393 1131 455 1165 illo
481 1131 556 1165 fore
582 1132 668 1165 dixit
694 1132 866 1178 propheta
887 1133 917 1165 ':
943 1146 958 1164 «
980 1138 1058 1166 ante

238 1204 255 1222 »
277 1200 384 1235 quam
402 1200 490 1234 puer
507 1189 641 1223 malum
658 1188 836 1222 bonumve
863 1190 963 1228 sciat,
984 1201 1058 1223 ma-

239 1261 254 1278 »
277 1247 351 1280 lum
377 1253 538 1292 respuet,
563 1246 766 1293 bonumque
791 1246 907 1292 eliget.
933 1260 948 1278 »
971 1248 1056 1281 Ecce

234 1305 328 1338 enim
342 1304 461 1337 salutis
475 1310 613 1338 nostrae
628 1315 727 1337 causa
741 1310 864 1349 sponte
878 1304 920 1338 ad
937 1316 1055 1338 necem

234 1362 391 1399 accessit,
413 1372 624 1406 quamquam
644 1361 675 1394 ei
694 1360 851 1393 naturale
868 1366 940 1394 erat
959 1361 1055 1395 nolle

232 1419 343 1457 mori,
371 1419 452 1463 quia
479 1418 513 1450 vi
539 1418 720 1462 congenita
751 1423 922 1462 repugnat
949 1417 1067 1450 morti‘

231 1482 376 1513 natura,
398 1481 503 1521 prout
529 1480 664 1508 creator
689 1475 788 1508 initio
814 1474 1002 1507 constituit.

310 1534 365 1566 17.
394 1532 491 1569 Dixi,
513 1543 577 1565 nos
602 1531 691 1565 hanc
709 1531 922 1565 locutionem
944 1530 1055 1565 adsci—

232 1591 321 1624 visse
340 1601 358 1623 a
377 1587 535 1635 patribus
553 1587 656 1622 nobis
674 1588 855 1627 traditam3
873 1599 986 1633 neque
1006 1594 1054 1622 ta-

231 1659 311 1681 men
339 1647 446 1680 ullam
472 1651 652 1692 praeterea
678 1645 762 1679 volo
787 1646 823 1678 in
848 1646 1052 1690 mysterium

230 1704 394 1738 invehere
409 1703 708 1741 contrarietatem;
726 1702 826 1736 absit.
848 1704 934 1736 Nam
949 1703 1011 1736 etsi
1024 1703 1053 1736 is

230 1767 382 1796 moestus
401 1761 484 1799 fuit,
501 1760 674 1806 ignoravit
694 1760 759 1806 (2),
777 1766 809 1793 et
830 1760 980 1805 passioni
1000 1772 1052 1794 re-

230 1818 455 1864 pugnantiam
476 1828 558 1862 prae
574 1828 610 1851 se
631 1816 725 1856 tulit,
742 1817 827 1851 haec
845 1823 960 1851 tamen
975 1829 1052 1851 om-

205 1888 209 1891 ’
229 1877 287 1910 nia
313 1887 390 1909 cum
410 1874 515 1913 ‚Verbi
535 1886 704 1908 consensu
723 1886 762 1908 ac
780 1874 998 1920 beneplacito
1015 1876 1050 1908 in

230 1944 333 1967 carne
354 1931 541 1966 habitantis
553 1958 560 1969 ‚
582 1937 615 1965 et
634 1930 681 1965 ob
699 1931 793 1965 illius
810 1932 1047 1970 voluntatem,

231 1991 371 2036 corpori
385 1987 604 2023 accidebant:
619 1989 700 2034 quia
713 1988 864 2022 Verbum
881 1995 1052 2034 quatenus

232 2048 296 2082 sibi
310 2047 448 2081 libitum
461 2052 550 2084 erat,
561 2047 700 2091 corpori
714 2044 927 2079 concedebat
940 2051 977 2079 ut
990 2057 1052 2079 na—

232 2106 391 2140 turaliter
406 2109 540 2150 ageret,
557 2104 644 2137 sicut
658 2103 825 2148 scriptum
839 2103 1046 2137 invenimus.

1864 197 1933 229 5953

1117 273 1252 319 Quippe
1271 279 1399 306 -natura
1419 277 1658 318 comparatum
1677 276 1747 309 est,
1770 277 1809 305 ut
1829 270 1934 305 homo

1117 330 1207 363 mori
1227 329 1329 363 nolit:
1347 336 1379 363 et
1400 329 1571 363 Adamum
1588 330 1679 362 Deus
1698 327 1741 362 ab
1761 329 1859 362 initio
1875 340 1935 361 na-

1119 387 1275 421 turaliter
1295 388 1416 421 mortis
1435 393 1644 421 metuentem
1663 386 1759 420 fecit:
1780 385 1934 431 alioquin

1118 443 1210 477 haud
1230 445 1260 477 ei
1288 444 1442 489 profecto
1460 450 1607 478 mortem
1628 449 1716 477 esset
1734 444 1936 477 intermina-

1117 506 1171 534 tus
1197 501 1333 534 dicens:
1355 512 1573 546 quacumque
1592 500 1649 534 die
1668 500 1711 533 de
1730 499 1855 533 arbore
1876 512 1935 533 co—

1116 558 1309 596 mederitis,
1325 559 1421 592 cuius
1433 563 1571 603 gustum
1584 557 1684 591 vobis
1698 557 1875 595 interdixi,
1891 558 1933 590 si-

1117 627 1160 649 ne
1175 615 1282 649 dubio
1296 622 1409 649 morte
1423 616 1638 653 moriemini;
1656 616 1720 648 nisi
1735 621 1832 649 antea
1846 626 1935 648 mor-

1116 673 1158 706 tis
1178 672 1362 707 horrorem
1381 673 1431 706 illi
1450 672 1642 707 indidisset.
1671 674 1742 706 Iam
1762 684 1846 706 vero
1866 673 1934 706 Do-

1116 731 1199 764 mini
1225 742 1365 775 quoque
1388 731 1500 764 anima
1525 742 1544 764 a
1569 737 1682 764 morte
1701 729 1930 765 abhorrebat.

1091 788 1094 792 “
1115 788 1176 822 sed
1202 787 1249 822 ob
1275 788 1498 821 oeconomiae
1520 788 1710 827 rationem,
1733 788 1769 821 id
1794 799 1933 833 quoquc

1115 852 1345 891 spontaneum
1366 851 1438 879 erat
1465 857 1503 879 ac
1527 844 1689 879 liberum.
1719 846 1807 879 Hinc
1831 845 1933 879 disci-

1115 903 1206 948 pulis
1225 903 1293 936 suis
1313 902 1441 937 aiebat:
1465 902 1637 936 desiderio
1655 902 1847 936 desiderari
1866 903 1933 936 hoc

1115 960 1240 1006 pascha
1253 960 1462 994 manducare
1476 959 1656 994 vobiscum
1672 966 1749 993 ante
1760 972 1864 1005 quam
1879 972 1933 1006 pa-

1114 1018 1179 1051 tiar
1194 1018 1218 1051 ‘.
1233 1018 1276 1051 Et
1289 1017 1371 1051 alibi
1388 1018 1397 1027 '
1410 1017 1575 1051 :calicem
1590 1017 1702 1051 habeo
1716 1028 1818 1062 quem
1833 1029 1933 1063 opor-

1113 1081 1161 1108 tet
1187 1087 1242 1108 me
1267 1074 1407 1113 bibere;
1435 1075 1519 1120 quid
1547 1081 1660 1108 autem
1686 1075 1769 1109 volo
1795 1081 1931 1120 praeter

1113 1143 1217 1177 quam
1231 1131 1329 1165 illum
1344 1131 1487 1165 bibere?
1500 1133 1558 1171 Et,
1570 1131 1780 1177 baptismum
1797 1132 1908 1166 habeo
1920 1160 1927 1169 ,

1112 1200 1183 1233 quo
1197 1200 1252 1222 me
1265 1195 1405 1234 oportet
1419 1188 1604 1234 baptizari:
1621 1195 1655 1222 et
1674 1190 1854 1233 quomodo
1873 1201 1930 1223 an-

1112 1256 1176 1290 gor
1195 1257 1304 1290 usque
1323 1245 1408 1279 dum
1429 1245 1629 1291 perficiatur
1649 1246 1686 1279 ‘5³
1707 1247 1753 1279 Ex
1773 1246 1825 1279 his
1847 1258 1930 1290 ergo

1111 1303 1294 1341 discimus,
1318 1309 1354 1336 ut
1373 1303 1496 1336 doctus
1516 1303 1665 1348 Cyrillus
1683 1304 1847 1348 opinatur
1863 1305 1927 1349 (32.

1109 1359 1206 1404 quod
1232 1361 1306 1392 Iesu
1334 1359 1458 1391 Christi
1484 1365 1607 1393 natura
1628 1366 1765 1393 nostrae.
1788 1360 1927 1397 similis.

1107 1417 1304 1450 naturalem
1329 1418 1593 1462 repugnantiam
1614 1417 1678 1451 sibi
1705 1425 1928 1463 spontaneam

1111 1473 1246 1512 fecerit,
1268 1480 1373 1519 prout
1398 1475 1471 1507 Deo
1497 1474 1735 1509 conveniebat.

1186 1532 1240 1565 18.
1270 1532 1383 1576 Atque
1408 1537 1446 1564 ut
1472 1542 1644 1564 summam
1670 1531 1926 1576 praedictorum

1109 1588 1271 1622 faciamus
1283 1615 1290 1626 ,
1307 1589 1493 1634 paucisque
1507 1600 1580 1623 rem
1595 1589 1858 1627 concludamus,
1873 1589 1927 1623 di-

1968 966 1977 975 *
1993 963 2177 984 an.XX1{.1.·..

1968 990 2080 1010 *lnhxx
2091 990 2130 1011 Ill.
2143 993 2165 1011 Π

1967 1203 1973 1210 ’
1993 1201 2039 1222 Luc
2064 1201 2112 1221 ΧΠ.
2131 1205 2154 1219 ‘m

1108 1647 1218 1679 cimus
1243 1646 1353 1679 Deum
1380 1645 1508 1679 factum
1533 1657 1605 1679 esse
1631 1645 1828 1685 hominem,
1855 1658 1925 1680 non
1963 1659 1967 1664 ’

1108 1710 1223 1737 autem
1241 1703 1464 1748 adsumptum
1479 1702 1523 1736 ab
1536 1714 1578 1737 eo
1587 1703 1769 1749 ‚hominem
1781 1730 1788 1742 ‚
1804 1710 1842 1737 ut
1860 1706 1927 1738 Ne·-

1107 1761 1235 1794 storius
1261 1760 1407 1794 credidit
1435 1760 1495 1805 (Ἡ.
1524 1761 1659 1794 Etenim
1684 1761 1814 1795 dictum
1841 1761 1923 1805 fnit:

1105 1824 1139 1851 et
1158 1816 1311 1851 Verbum
1331 1828 1412 1850 caro
1432 1817 1559 1851 factum
1582 1824 1632 1852 est
1653 1818 1697 1863 (δ’)
1711 1844 1718 1856 ,
1740 1825 1774 1852 et
1791 1818 1926 1854 hahita-

1105 1875 1155 1908 xit
1174 1875 1209 1908 in
1225 1873 1344 1916 nobis;
1361 1874 1454 1908 haud
1473 1886 1553 1909 sane
1573 1882 1780 1920 apparenter
1791 1902 1798 1913 ,
1814 1888 1925 1921 neque

1106 1937 1280 1976 tamquam
1302 1931 1463 1965 umbram
1490 1943 1526 1965 se
1553 1931 1737 1979 exhibens,
1759 1934 1818 1967 sed
1844 1946 1924 1968 vere

1105 2000 1144 2022 ac
1162 1988 1385 2022 materialiter
1403 1988 1512 2022 factus
1530 1989 1655 2031 homo,
1669 1996 1709 2023 ut
1725 1989 1791 2023 hoc
1810 1990 1923 2026 fructu

1105 2047 1306 2079 universum
1337 2045 1517 2079 hominum
1547 2053 1656 2091 genus
1681 2047 1919 2082 mundaretur.

1104 2104 1220 2149 anue
1239 2103 1354 2137 omnia
1371 2102 1540 2150 possedit,
1558 2115 1645 2149 quae
1659 2115 1724 2151 pro
1739 2104 1840 2138 nohis
1858 2105 1923 2139 ob-

312 2249 347 2278 (13
369 2246 477 2274 Idcirco
496 2246 634 2283 Eutyches
652 2247 682 2273 in
702 2247 819 2274 concilio
843 2245 1055 2274 chalcedonensi
1073 2251 1148 2274 tomo
1171 2245 1311 2281 praedicto
1330 2254 1356 2281 p.
1379 2249 1457 2273 1019.
1478 2246 1579 2273 citabat
1598 2254 1647 2282 pro
1666 2255 1694 2274 se
1712 2255 1769 2274 non
1789 2248 1921 2284 Cyrilluni

231 2291 425 2319 tantummodo
444 2291 493 2318 sed
512 2293 595 2318 etiam
615 2291 808 2318 Athanasium.

313 2338 348 2375 (2)
366 2337 407 2362 De
427 2336 540 2362 scientia
557 2335 674 2367 Christi,
690 2340 716 2363 et
736 2336 769 2363 de
789 2335 889 2362 celebri
908 2335 970 2362 loco
989 2335 1063 2370 quod
1077 2343 1112 2362 ne
1131 2334 1205 2362 filius
1220 2334 1332 2370 quidem
1349 2334 1422 2362 diem
1441 2335 1592 2370 horamque
1606 2335 1702 2362 iudicii
1720 2335 1806 2363 futuri
1825 2337 1920 2369 sciret,

231 2381 277 2408 adi
297 2382 419 2416 egregias
438 2381 632 2416 explicationes
645 2381 740 2416 Cyritli
760 2380 833 2415 apud
852 2389 903 2408 nos
922 2381 951 2407 in
971 2381 1103 2415 excerptis
1123 2381 1182 2407 eius
1201 2379 1236 2406 ad
1249 2379 1347 2407 Matth.
1362 2387 1388 2414 p.
1404 2383 1464 2406 482.
1485 2381 1592 2407 Rursus
1607 2380 1725 2407 eundem
1739 2381 1872 2416 Cyrillum
1893 2383 1921 2408 in

230 2433 330 2452 comm.
352 2424 387 2451 ad
406 2426 510 2452 Lucam
532 2426 567 2451 11.
588 2428 632 2452 52.
655 2426 723 2451 Item
748 2429 873 2452 nostrum
898 2425 1083 2460 Nicephorum
1107 2424 1223 2451 antirrh.
1246 2425 1266 2450 Ι.
1288 2427 1337 2455 50,
1358 2427 1385 2450 et
1405 2424 1563 2458 praesertim
1583 2424 1612 2450 in
1632 2425 1800 2459 apologetico
1820 2426 1922 2452 maiore

230 2478 290 2504 cap.
313 2472 355 2496 76.
378 2470 503 2504 Denique
523 2469 672 2504 Eulogium
692 2468 876 2503 patriarcham
896 2469 964 2495 alex.
986 2468 1060 2503 apud
1078 2469 1209 2495 Photium
1229 2468 1289 2495 cod.
1310 2471 1371 2495 230.
1393 2476 1419 2502 p.
1441 2471 1502 2494 882.

311 2516 346 2545 (3)
366 2514 426 2540 Hoc
445 2521 509 2540 cum
529 2512 612 2546 alibi,
626 2518 685 2539 tum
705 2512 806 2540 diserte
821 2513 888 2540 dicit
903 2513 1024 2549 Cyrillus
1043 2512 1116 2548 apud
1135 2520 1186 2539 nos
1205 2513 1234 2539 in
1253 2520 1354 2539 comm.
1369 2516 1396 2539 et
1413 2513 1481 2539 Luc.
1497 2520 1523 2547 p.
1537 2515 1597 2538 427.
1613 2516 1639 2539 et
1657 2513 1686 2538 in
1705 2514 1836 2548 excerptis
1855 2515 1919 2542 stein

229 2557 303 2593 apud
322 2565 374 2584 nos
393 2565 419 2592 p.
440 2560 502 2584 483.

311 2605 345 2634 (45
366 2603 450 2628 Recte
469 2602 524 2634 ait,
544 2605 575 2628 ut
594 2601 737 2629 Nestorius
760 2601 893 2634 eredidit,
914 2603 963 2637 qui
987 2610 1100 2637 pravum
1125 2602 1149 2628 ei
1174 2601 1248 2628 dicto
1272 2609 1383 2628 sensum
1409 2601 1580 2628 subiiciehat.
1601 2601 1728 2627 Ceterum
1752 2601 1919 2629 locutionem

1767 2644 1782 2659 ,1

230 2645 315 2678 hane,
329 2644 403 2680 quod
418 2645 538 2672 Verbum
558 2645 610 2672 sibi
630 2645 814 2680 adsumpserit
834 2645 990 2676 hominem,
1006 2646 1120 2680 impune
1139 2644 1242 2672 dictam
1261 2646 1379 2680 reperies
1398 2646 1427 2672 in
1443 2653 1525 2672 sensu
1545 2644 1695 2671 orthodoxo
1710 2652 1782 2679 apuu
1801 2649 1918 2677 veteres,

227 2694 293 2724 puta
313 2689 387 2724 apud
406 2689 434 2715 S.
455 2690 643 2724 Augustinum
663 2689 697 2716 de
716 2697 777 2716 vera
797 2690 875 2724 relig.
892 2698 951 2725 cap.
966 2691 1040 2716 XVI.
1062 2689 1136 2724 apud
1154 2690 1181 2716 S.
1203 2691 1323 2717 Leonem
1344 2690 1395 2716 ΡΡ.
1411 2698 1492 2716 serm.
1509 2692 1556 2721 543
1578 2692 1604 2714 et
1623 2688 1734 2723 quidem
1755 2690 1826 2716 inter
1843 2698 1920 2724 grae—

228 2742 274 2761 cos
294 2735 377 2761 etiam
398 2733 471 2768 apud
490 2734 689 2765 Athanasium,
705 2734 734 2760 in
754 2733 918 2768 fragmentis
936 2742 1007 2769 quae
1025 2742 1108 2768 super
1126 2733 1265 2761 edidimus
1284 2742 1310 2768 p.
1328 2737 1389 2760 582.

308 2781 343 2809 (5)
363 2777 461 2804 Pulcre
473 2777 587 2804 Proclus
600 2777 916 2812 constantinopolitanus
928 2778 958 2804 in
971 2777 1084 2812 epistola
1099 2777 1254 2812 dogmatica
1267 2785 1301 2804 aa
1314 2777 1459 2804 Armenios
1470 2776 1615 2809 (Galland.
1628 2776 1687 2803 Bib.
1700 2777 1731 2804 T.
1744 2777 1793 2804 IX.
1803 2785 1829 2812 p.
1839 2780 1900 2804 687.
1912 2780 1918 2808 >

228 2823 266 2849 ait
278 2822 418 2849 locutione
435 2822 557 2849 Verbum
574 2830 643 2849 caro
654 2821 771 2856 sactum
788 2824 843 2855 est,
859 2822 930 2848 nihil
945 2821 1021 2849 aliud
1036 2821 1186 2857 significari
1201 2830 1283 2858 quani
1300 2825 1327 2849 τό
1344 2824 1484 2858 (ἐξαίρετον
1502 2823 1545 2852 τῆς
1562 2822 1638 2856 ἂκρα,-
1657 2823 1778 2853 immae,
1791 2829 1920 2848 summae

228 2869 339 2893 unionis
360 2866 649 2901 inseparabilitatem.
670 2867 704 2893 Et
724 2866 775 2893 hoc
795 2870 890 2894 contra
904 2866 1126 2902 Menophysitas.

1773 2932 1802 2945 A.)
