2219 3322
510 251 581 293 DE
611 246 822 303 EUSEBII
850 249 1227 294 ALEXANDRINI
1256 250 1599 295 SERMONIBUS

772 343 1037 372 Eanonls
1072 344 1337 373 MONITUM.

1049 423 1247 440 DQ—

218 490 388 553 Eusebii,
415 517 467 553 qui
485 515 598 553 passim
620 515 651 544 m
674 515 822 543 codicibus
844 514 954 543 (licitur
980 512 1215 551 archiepiscopus
1241 513 1472 551 alexandrinus,
1500 514 1646 544 seaecleeim
1673 524 1725 554 eqo
1753 519 1818 545 ante
1841 516 1893 545 lioc

217 573 331 607 tempus
350 576 493 597 sermones
516 567 596 596 edidi
604 579 614 604 ;
640 577 731 596 uriam
754 568 872 605 quidem
897 569 926 596 in
949 567 1014 596 AA.
1035 567 1120 596 class.
1143 567 1175 595 T.
1197 568 1255 604 X„
1275 568 1348 596 alios
1370 571 1467 597 autem
1490 568 1655 606 quindecim
1680 569 1712 598 in
1735 569 1891 607 Spicileqio

217 632 292 652 rom.
317 623 348 651 T.
374 622 448 659 IX„
471 621 503 650 in
525 623 608 649 cuius
632 621 786 650 voluminis
804 619 989 658 praefatione
1010 620 1046 648 de
1066 620 1112 648 liis
1132 621 1256 657 aliisque
1276 622 1390 658 aliquot
1410 622 1537 650 eiusdem
1555 622 1677 651 Eusebii
1695 623 1888 659 sermonibus,

215 676 376 713 diliqenter
391 677 424 703 ut
444 682 528 711 spero
546 674 682 703 tractavi.
711 673 821 702 Addidi
843 675 930 702 etiam
947 673 1086 702 Iohannis
1105 674 1214 702 notarii
1235 674 1358 702 ineditos
1373 683 1462 712 aeque
1485 675 1519 703 de
1537 677 1597 703 vita
1617 675 1753 713 obituque
1775 676 1894 704 Eusebii

215 737 359 757 sermones
378 736 429 756 seu
449 727 565 756 libellos
586 730 654 755 tres.
681 727 777 755 Porro
799 728 829 755 ‘in
850 735 1013 755 sermonum
1036 726 1158 755 Eusebii
1176 725 1361 763 praefatione
1383 730 1451 757 tom.
1470 728 1520 756 cit.
1541 738 1575 766 p.
1600 729 1649 757 10.
1666 729 1747 765 ctioei,
1769 729 1894 757 duorum

215 781 334 819 quictem
351 779 388 810 de
410 779 609 819 eleemosyna
625 778 706 809 etde
729 779 918 809 astronomis
941 779 1041 808 titulos
1060 779 1151 808 scribi
1167 781 1199 808 in
1219 779 1314 808 codiee
1338 781 1485 818 vaticano,
1508 782 1560 810 sed
1578 785 1672 810 tamen
1690 784 1767 819 ipsos
1784 790 1893 810 sermo-

215 842 265 862 nes
282 833 317 862 ob
339 833 575 862 membranarum
592 832 735 870 delectum
752 833 867 869 cleesse5
884 841 928 863 me
947 836 1042 861 tamen
1059 834 1149 870 scire,
1169 833 1304 870 priorem
1321 834 1354 862 in
1372 834 1467 863 codice
1485 834 1690 863 vindobonensi
1710 834 1797 864 tlteol.
1817 834 1891 863 263.

215 888 328 915 servari
335 908 344 923 ‚
367 886 493 914 alterum
512 894 579 914 vero
598 886 629 914 in
646 886 806 923 parisiensi
829 886 922 915 1098.
950 886 1034 914 Nunc
1054 894 1116 914 ecee
1137 886 1299 915 illustrium
1320 887 1449 925 miliique
1469 888 1667 917 beni'volorum
1688 887 1836 917 hominum
1855 888 1893 916 li-

213 939 370 968 beralitate
394 947 428 967 ae
452 947 540 967 manu
568 939 725 976 descriptos
750 939 788 975 (l)
812 938 911 967 ambos
936 940 1093 976 impetrari
1100 950 1111 975 ,·
1137 941 1219 967 cuius
1246 940 1379 977 beneficii
1404 943 1436 968 ut
1455 939 1574 977 fructus
1598 944 1691 977 extet,
1717 940 1894 969 commodam

214 999 274 1020 esse
285 991 409 1029 putavi,
428 994 461 1020 ut
474 995 542 1029 post
557 992 663 1029 Cyrilli
678 991 760 1020 alex.
776 991 902 1029 scripta,
918 991 1145 1028 paralipomena
1159 991 1230 1020 liaec
1243 992 1366 1021 Eusebia·
1379 993 1579 1029 subteoeerem,
1597 995 1648 1030 qui
1661 995 1744 1029 item,
1761 996 1794 1021 ut
1807 993 1874 1022 dixi
1881 1015 1888 1029 ‚

215 1043 451 1082 archiepiscopus
473 1044 583 1072 dicitur
597 1043 828 1081 aleaeandrinus5
849 1046 935 1081 atque
952 1045 995 1072 ita
1012 1044 1062 1081 pii
1077 1044 1211 1081 equidem
1228 1047 1254 1073 et
1278 1046 1412 1082 apprime
1431 1045 1602 1082 ortltodoaei,
1623 1047 1648 1073 si
1664 1047 1759 1074 minus
1775 1045 1895 1083 elegan-

215 1098 268 1133 tis,
291 1099 417 1126 auctoris
432 1096 587 1125 editionem
602 1097 792 1126 absolverem.
820 1096 970 1134 Quicquid
985 1098 1062 1125 enim
1078 1097 1133 1126 alii
1150 1097 1338 1134 iudicabunt,
1360 1106 1405 1126 me
1422 1100 1498 1126 certe
1515 1099 1680 1135 inqenuitas
1700 1098 1788 1127 liuius
1802 1098 1895 1127 lzomi-

216 1151 276 1186 nis,
298 1149 457 1178 christiana
473 1152 535 1178 eius
552 1159 586 1178 ac
598 1150 758 1187 pastoralis
772 1150 962 1187 simplicitas,
985 1152 1174 1188 nativumque
1192 1150 1307 1179 dicendi
1323 1159 1414 1188 qenus
1430 1151 1517 1180 valde
1533 1151 1684 1180 delectant.
1713 1152 1895 1189 Quamquam

214 1211 267 1231 nec
289 1205 380 1231 omnis
403 1205 522 1231 ornatus
545 1203 640 1239 abest,
662 1212 691 1231 c.
711 1212 760 1241 qr.
783 1203 836 1231 ubi
857 1203 956 1231 di'vitis
978 1203 1112 1240 epulonis
1134 1206 1313 1240 apparatum
1335 1203 1483 1233 describit.
1510 1204 1682 1241 Ceteroquin
1704 1204 1824 1237 Eusebii
1847 1213 1895 1233 co-

214 1253 301 1284 dices
318 1259 376 1285 tam
399 1256 514 1284 romani
530 1264 618 1293 quam
637 1257 747 1292 exteri,
768 1258 796 1284 et
814 1257 989 1293 praesertim
1013 1255 1247 1293 vindobonensis,
1268 1256 1442 1285 soloecismis
1461 1259 1680 1294 scripturaeque
1697 1257 1808 1286 mendis
1830 1266 1894 1286 sca-

216 1311 294 1345 tent,
320 1317 393 1346 quae
412 1311 525 1346 partim
547 1309 739 1337 emaculanda
755 1307 899 1346 suerunt,
922 1310 1037 1346 partim.
1061 1308 1226 1346 retinenda,
1250 1318 1284 1337 ne
1303 1309 1375 1347 plus
1398 1318 1490 1347 aequo
1515 1313 1628 1339 textum
1650 1310 1892 1340 subverteremus.

298 1362 357 1391 Sed
378 1364 454 1391 enim
476 1361 555 1400 quod
577 1362 688 1390 adtinet
710 1362 750 1390 ad
771 1361 893 1390 Eusebii
915 1363 1007 1390 nostri
1029 1364 1152 1390 aetatem
1177 1365 1263 1399 alque
1290 1364 1469 1400 episcopatus
1492 1362 1603 1400 sedem,
1627 1372 1738 1392 necesse
1761 1367 1802 1392 est
1825 1372 1894 1392 con-

218 1417 388 1443 troversiam
411 1423 514 1443 rursus
535 1414 707 1452 adtinqere5
724 1418 881 1452 postquam
903 1414 1014 1443 scilicet
1030 1423 1069 1442 ea·
1085 1414 1242 1443 Germania
1265 1416 1364 1453 accepi
1382 1416 1522 1444 Guilelmi
1539 1416 1665 1453 Auqusti
1686 1416 1821 1453 perdocti
1837 1419 1895 1446 riri

215 1469 363 1506 nostrique
385 1469 616 1505 contemporanei
633 1468 757 1504 librum,
778 1477 834 1505 quo
858 1471 916 1496 tres
933 1467 1054 1496 Eusebii
1076 1467 1112 1496 de
1136 1468 1222 1496 rebus
1244 1467 1362 1505 inseris,
1383 1470 1461 1497 circa
1479 1469 1587 1498 Christi
1609 1469 1719 1499 domini
1742 1470 1851 1498 obitum
1867 1474 1896 1499 et

215 1519 398 1557 descensum,
419 1529 562 1549 sermones
583 1520 690 1557 edidit,
711 1522 762 1558 qui
782 1523 849 1549 sunt
872 1522 942 1549 item
961 1520 1043 1557 apud
1059 1529 1110 1549 nos
1130 1522 1161 1549 in
1179 1520 1347 1558 Spicileyio.
1374 1521 1469 1549 Porro
1487 1521 1566 1559 quod
1582 1522 1629 1550 liic
1646 1523 1841 1559 amplissimus
1859 1523 1895 1551 de

215 1573 396 1610 eleemosyna
419 1581 512 1601 ser-mo
532 1572 664 1609 Eusebii,
689 1575 718 1601 in
735 1572 943 1602 vindobonensi
958 1572 1055 1600 codice
1077 1572 1229 1601 incolumis
1244 1575 1443 1609 conservatus,
1466 1573 1595 1602 notitiam
1616 1575 1741 1611 Auqusti
1756 1573 1895 1612 Cfflsflet'l'l

215 1625 234 1661 ί
237 1625 355 1654 dissert.
378 1627 440 1654 eius
456 1634 491 1663 p.
516 1625 596 1663 63),
617 1626 723 1654 mirari
745 1626 822 1654 nolo.
849 1626 967 1654 Etenim
989 1634 1075 1662 saepe
1097 1627 1230 1654 usuvenit
1253 1625 1304 1663 (et
1326 1625 1400 1654 milri
1415 1635 1528 1664 quoque
1546 1627 1691 1656 interdum
1714 1628 1842 1665 accidit)
1863 1632 1896 1658 ut

214 1687 263 1707 res
285 1678 366 1707 nobis
387 1680 564 1716 proximae,
592 1678 676 1707 nulla
699 1681 797 1707 nostra
819 1679 907 1716 culpa
929 1678 981 1707 sed
1002 1687 1069 1706 casu
1093 1686 1143 1706 nos
1172 1678 1298 1715 lateant,
1326 1678 1395 1708 dum
1419 1682 1547 1708 semotas
1566 1678 1685 1716 felicius
1708 1680 1893 1718 indaqamus.

216 1732 338 1760 Primus
360 1740 428 1769 erqo
451 1730 534 1769 apud
549 1730 715 1769 Auqustum
736 1739 830 1760 sermo
848 1740 885 1769 p.
910 1731 1010 1769 1-10,
1031 1731 1160 1760 recurrit
1180 1731 1263 1768 apud
1278 1740 1329 1760 nos
1351 1732 1405 1761 sub
1425 1741 1545 1761 numero
1564 1733 1655 1762 XIII.
1682 1734 1736 1763 Est
1752 1738 1848 1763 autem
1864 1737 1895 1763 in

215 1784 270 1813 lioc
292 1786 413 1822 insiqnis
436 1784 595 1813 editionum
617 1787 783 1813 nostrarum
806 1786 948 1821 varietas,
970 1784 1050 1822 quod
1069 1786 1237 1822 qermanica
1258 1793 1291 1822 p.
1311 1785 1343 1814 9.
1361 1784 1461 1822 babet,
1482 1789 1628 1823 {conquam
1648 1787 1810 1816 clausulam
1832 1797 1894 1816 ser-

215 1841 308 1867 monis
332 1837 435 1874 huius,
462 1840 587 1866 tractum
610 1837 695 1866 illum
718 1839 737 1863 ὡ
761 1842 840 1864 ποῖον
865 1841 943 1864 κακόν
968 1837 1040 1864 ἐστιν
1063 1840 1078 1866 ἠ
1100 1842 1221 1875 παρακοὴ
1245 1840 1298 1866 etc.
1327 1846 1414 1875 usque
1437 1838 1477 1866 ad
1494 1847 1529 1876 p.
1559 1840 1614 1875 10,
1635 1848 1708 1876 quae
1732 1848 1831 1877 reapse
1854 1844 1897 1868 cst

216 1891 352 1920 clausula
370 1892 471 1927 potius
493 1891 631 1918 sermonis
654 1888 694 1919 de
717 1889 932 1920 incarnatione
955 1891 1010 1928 (p.
1032 1890 1149 1920 26-27.
1158 1890 1175 1927 )
1198 1899 1216 1919 a
1238 1890 1320 1919 nobis
1342 1891 1416 1920 editi
1438 1894 1505 1921 tom.
1527 1894 1595 1928 eit,
1616 1901 1706 1929 neque
1730 1893 1791 1921 ulto
1812 1893 1894 1922 modo

215 1944 258 1973 ad
279 1943 463 1981 praedictum
485 1942 621 1971 editionis
642 1944 827 1980 qermanicae
852 1944 945 1973 locum
963 1946 1113 1981 pertinere
1131 1946 1246 1981 potest,
1269 1953 1287 1972 a
1309 1952 1366 1981 quo
1388 1947 1502 1973 omnino
1525 1945 1668 1975 dissentit.
1693 1946 1840 1975 Secundus
1864 1949 1895 1975 in

217 1996 342 2025 editione
363 1995 533 2033 qermanica
554 2004 646 2024 sermo
670 1995 825 2033 respondet
845 1999 942 2025 nostro
962 1996 1051 2032 XIV,
1073 2005 1137 2025 cum
1159 1996 1261 2033 aliqua
1282 1997 1436 2026 varietate.
1464 1999 1578 2027 Tertius
1603 1998 1726 2036 denique
1750 1998 1845 2027 dietus
1864 2001 1895 2028 in

216 2049 266 2078 die
282 2057 455 2087 parasceves
472 2051 503 2077 in
520 2048 567 2077 ed.
589 2058 683 2086 qerm.
704 2049 857 2086 respondet
873 2052 970 2078 nostro
989 2050 1060 2086 XV,
1082 2051 1130 2078 cui
1150 2050 1253 2078 titulus
1270 2048 1308 2079 de
1325 2048 1452 2080 diabolo
1471 2053 1502 2080 et
1521 2059 1596 2080 orco
1617 2049 1682 2089 (ᾄδῃ
1694 2054 1721 2089 >3
1740 2052 1895 2081 secundam.

217 2102 283 2131 dico
300 2102 437 2130 sermonis
452 2103 650 2139 qermanicam
664 2100 837 2138 editionem;
853 2109 920 2130 nam
932 2102 1022 2139 prior
1035 2101 1090 2139 (ut
1104 2101 1198 2130 editor
1213 2102 1359 2140 appellat,
1378 2103 1457 2140 quod
1472 2107 1571 2132 contra
1582 2103 1709 2140 sortasse
1726 2106 1786 2141 est)
1802 2105 1895 2142 mayis

216 2164 238 2184 a
254 2158 353 2185 nostra
367 2153 482 2192 dissert.
507 2153 565 2183 Sed
580 2154 660 2183 illud
675 2156 794 2183 maioris
810 2156 945 2183 momenti
959 2157 1016 2191 est,
1034 2154 1113 2192 quod
1127 2156 1154 2183 ei
1172 2155 1271 2193 priori
1287 2155 1407 2184 editioni
1424 2156 1485 2185 loeo
1502 2157 1651 2186 clausulae
1666 2158 1810 2186 atteoeitur
1824 2167 1894 2195 pars

218 2209 343 2238 alterius
366 2207 521 2244 sermonis,
547 2207 618 2236 dieti
638 2216 739 2245 nempe
760 2210 876 2245 postera
898 2207 961 2244 die,
983 2216 1034 2236 seu
1056 2207 1191 2243 sabbato,
1211 2211 1301 2245 prout
1317 2211 1495 2246 promissum
1511 2208 1615 2246 ficerat
1633 2212 1663 2239 in
1675 2212 1739 2246 fine
1757 2213 1893 2240 sermonis

219 2261 256 2290 de
272 2269 447 2298 parasceve,
467 2268 552 2298 quem
575 2259 706 2288 desinere
729 2261 759 2288 in
782 2259 906 2288 dictione
925 2260 1044 2288 iura-3501
1060 2263 1105 2287 τὸν
1122 2260 1204 2296 λόγον
1222 2265 1422 2298 σφραγίσωμεν,
1437 2271 1491 2290 nec
1507 2271 1572 2290 cuin
1594 2263 1777 2300 sequentibus
1799 2266 1888 2299 necti,

216 2315 486 2353 exploratissimum
503 2316 562 2349 est,·
582 2313 614 2341 id
630 2313 708 2351 quod
722 2321 756 2341 ne
779 2313 914 2350 yermani
927 2313 1044 2351 quidem
1061 2314 1181 2343 editoris
1198 2315 1415 2353 perspicaciam
1432 2313 1517 2352 suqit
1529 2324 1564 2352 p.
1590 2315 1660 2344 153.
1688 2316 1765 2345 Bene
1783 2317 1890 2354 iyitur,

221 2367 319 2395 evenit
334 2369 367 2395 ut
382 2365 453 2395 lzaec
472 2366 575 2394 saltem
593 2374 663 2403 pars
679 2366 819 2395 sermonis
835 2366 871 2395 de
891 2366 1026 2403 sabbato,
1045 2367 1099 2404 qui
1113 2376 1206 2396 sermo
1225 2371 1300 2397 totus
1316 2368 1502 2397 desideratur
1519 2370 1549 2396 in
1565 2368 1660 2397 codice
1679 2373 1757 2406 vat„
1777 2379 1816 2398 e.1.·
1831 2373 1893 2399 ciii-

219 2419 376 2448 dobonensi
394 2418 555 2456 prodierit.
580 2420 635 2447 His
657 2419 694 2447 de
716 2421 839 2457 utraque
863 2419 986 2448 editione
1008 2422 1175 2457 qermanica
1193 2423 1222 2450 et
1244 2429 1363 2449 romana
1379 2420 1477 2458 (lictis,
1500 2421 1645 2458 reliquum
1666 2426 1706 2451 est
1721 2426 1754 2451 ut
1776 2423 1811 2451 (le
1829 2423 1857 2451 E
1860 2431 1894 2451 u-

219 2472 295 2501 sebii
316 2480 440 2509 persona
462 2474 491 2500 et
511 2474 604 2500 aetate
627 2471 825 2501 disserendum
849 2472 975 2501 breviter
997 2472 1145 2502 videatur.

308 2525 413 2554 Tribus
434 2533 453 2552 a
474 2533 504 2553 se
526 2524 612 2553 editis
633 2526 758 2554 auctoris
774 2525 862 2554 liuius
877 2525 1057 2554 sermonibus
1075 2526 1262 2563 praeclaram
1278 2535 1402 2564 vereque
1419 2527 1532 2556 doctam
1553 2527 1703 2556 subtexuit
1718 2527 1895 2564 disputatio-

224 2586 289 2607 nem
313 2577 349 2606 G.
369 2577 533 2614 Auyustus,
559 2578 642 2606 cuius
664 2579 839 2615 eoequisitam
863 2578 1055 2606 eruditionem
1077 2578 1318 2617 diliyentiamque
1342 2589 1406 2608 cum
1428 2581 1559 2608 marimo
1577 2580 1686 2617 probo,
1712 2582 1837 2608 attamen
1860 2580 1895 2609 de

222 2634 318 2660 aetate
335 2627 456 2659 Eusebii
470 2631 562 2658 nostri
574 2633 605 2658 et
627 2632 792 2668 episcopatu
808 2639 952 2669 emeseno,
972 2632 1125 2668 quominus
1142 2634 1169 2660 ei
1185 2632 1348 2670 adsentiar,
1368 2635 1412 2662 rei
1428 2633 1591 2661 contrariae
1610 2635 1641 2660 ut
1659 2635 1732 2669 puto
1750 2632 1894 2660 evidentia

219 2683 392 2721 prohibeor.
415 2683 584 2712 Sermonum
607 2682 712 2711 borum
735 2686 886 2721 parentem
913 2683 986 2712 dicit
1012 2693 1168 2721 qen-manus
1194 2685 1289 2714 editor
1312 2685 1511 2726 indubitanter
1535 2685 1693 2722 Eusebium
1716 2685 1816 2721 illum,
1845 2687 1896 2723 qui

304 2789 341 2818 (ί)
359 2785 599 2813 Vindobonensem
618 2785 702 2813 habui
720 2785 754 2813 ab
773 2785 865 2812 excell.
887 2786 992 2813 Comite
1009 2786 1204 2815 Dietrichstein
1223 2796 1348 2816 caesareo
1366 2787 1586 2820 bibliothecario,
1604 2787 1771 2814 exscribente
1791 2787 1897 2815 erudito

222 2831 281 2858 ⁴viro
301 2832 335 2858 Η,
357 2831 387 2857 Ε.
408 2829 516 2857 Poscbl.
536 2829 717 2858 Parisiensem
736 2830 811 2857 misit
829 2830 868 2857 vir
885 2830 951 2858 clar.
972 2838 1054 2865 eques
1072 2831 1103 2858 P.
1123 2833 1156 2858 Α.
1176 2832 1283 2865 Drach,
1304 2833 1385 2867 longa
1405 2831 1471 2858 mihi
1491 2831 1611 2858 amicitia
1631 2831 1802 2857 coniunctus.

1758 2885 1773 2898 t
