2239 3317
1062 252 1184 276 RERUM.

282 317 377 355 Cyrilli
396 316 509 352 epistola
524 314 559 343 ad
572 312 719 342 Eusebium
729 334 735 346 ,
748 310 933 339 Lucinianum
942 327 950 342 ,
962 311 989 335 et
1007 307 1094 335 socios

336 364 370 390 G.
385 371 411 398 p.
426 365 486 389 594.

287 408 381 444 Cyrilli
394 406 538 438 homiliae,
551 412 620 440 quae
633 404 661 430 in
673 402 790 435 vulgatis
802 397 968 427 editionibus
981 395 1095 428 desunt,

341 452 520 479 nominantur
536 449 666 477 tredecim
687 456 713 482 p.
731 449 788 473 114.
810 444 886 471 Aliae
906 451 949 470 sex
969 449 994 477 p.
1009 444 1070 467 444.

290 497 384 533 Cyrilii
406 496 481 522 locus
493 503 525 521 ex
538 501 663 521 sermone
677 491 711 518 ad
727 489 875 517 monachos
893 486 1054 523 byzantinos
1068 485 1098 510 P.

343 549 368 576 p.
392 544 452 566 649.

290 584 386 621 (tyrini
406 584 482 610 locus
501 581 616 615 insignis
635 580 687 607 fuit
701 578 734 604 de
751 575 914 611 evangelicis
934 573 1101 610 praedicato-

345 629 421 655 ribus
441 636 466 662 p.
483 630 541 654 168.
558 625 621 652 adn.

294 673 391 708 Cyrilli
414 678 484 706 opus
507 673 601 697 contra
625 665 814 701 synusiastas.
834 664 889 691 sive
907 661 1103 699 Synchyticos‚

347 721 394 743 aut
417 714 603 743 Cont'usaneos
622 711 741 736 citaruut
760 708 941 743 Ephraemius
965 705 1103 737 antioch..

346 758 510 787 Anastasius
520 754 608 790 presb.
618 774 625 785 ‚
637 757 663 779 et
676 752 845 779 Iustinianus
856 751 922 785 imp.
934 759 960 785 p.
970 752 1030 776 445.
1042 751 1103 775 447.

348 806 416 834 449,
436 806 462 828 et
480 801 508 826 in
528 798 623 833 primis
643 797 779 823 Iohannes
800 794 977 822 caesariensis
997 802 1022 828 p.
1043 795 1104 819 445.

348 855 422 881 seqq.
449 845 504 870 Nos
532 843 620 878 operis
647 842 733 868 multa
761 841 915 875 fragmenta
943 837 1106 874 proferimus

347 899 374 925 p.
389 890 519 915 445-451.
820 882 822 886 ⁴

294 933 391 969 cyrilli
410 936 542 958 tractatus
562 934 609 963 (ut
627 930 749 962 ridetur)
768 928 802 956 (le
821 928 924 956 unione
943 926 1058 954 duarum
1078 925 1107 952 in

348 975 458 1003 Christo
477 979 637 1001 naturarum
658 975 691 1001 G.
706 982 732 1008 p.
747 976 807 999 589.

296 1020 391 1055 Cyrilli
404 1022 459 1046 tres
473 1019 601 1044 homiliae
612 1018 738 1044 omnium
751 1016 925 1043 brevissimae
938 1014 971 1042 de
981 1014 1026 1041 SS.
1039 1013 1108 1048 Cyro

349 1069 376 1091 et
395 1064 516 1090 Iohanne
536 1070 562 1097 p.
579 1064 708 1088 472-475.

297 1109 416 1144 Cyrillus
435 1107 468 1134 de
487 1107 620 1134 electione
632 1107 698 1132 XII.
712 1104 898 1140 apostolorum
917 1103 1024 1138 copiose
1041 1101 1109 1128 scri-

352 1156 442 1187 pserat
462 1160 487 1186 p.
504 1154 564 1177 189.
579 1150 644 1177 adn.

297 1196 416 1232 Cyrillus
435 1195 519 1222 libros
539 1195 645 1229 aliquot
663 1201 727 1221 suos
747 1194 832 1220 mittit
846 1192 918 1219 Rufo
938 1200 963 1226 p.
978 1194 1038 1218 106.

298 1239 416 1275 cyrillus
435 1239 527 1265 Iocum
547 1238 675 1273 produxit
690 1237 781 1273 patrui
799 1237 842 1264 sui
854 1235 996 1270 Theophili
1018 1238 1111 1261 contra

351 1283 525 1310 Theodorum
547 1286 695 1317 mopsuest.
718 1285 786 1308 teste
806 1281 928 1307 Iohanne
949 1278 1112 1306 caesariensi

351 1337 377 1362 p.
399 1331 459 1354 453.

300 1372 419 1407 Cyrillus
440 1379 496 1398 11011
515 1371 609 1398 decem
627 1375 735 1398 tantum
755 1369 802 1397 sed
821 1370 917 1396 saltem
931 1369 1011 1395 XIX.
1027 1367 1114 1394 edidit

352 1416 481 1443 adversus
493 1416 632 1443 Iulianum
651 1419 804 1450 apostatam
822 1415 915 1441 libros.
936 1414 991 1440 Nos
1003 1412 1113 1447 supple-

355 1464 446 1486 menta
466 1459 625 1486 exhibemus
644 1468 659 1486 a
678 1467 704 1494 p.
721 1462 782 1485 488.
796 1458 830 1485 ad
844 1462 904 1485 492.

300 1504 420 1540 Cyrillus
439 1504 547 1538 scripsit
566 1504 650 1531 libros
670 1508 724 1531 tres
744 1503 871 1530 adversus
886 1501 1040 1528 Diodorum
1059 1504 1115 1527 tar·

353 1556 461 1575 scnsem
480 1552 506 1574 et
525 1548 699 1575 Theodorum
721 1556 806 1582 mopS.
823 1555 849 1582 p.
863 1549 925 1573 451.
939 1542 1000 1579 seq.⁴

301 1592 421 1627 Cyrillus
430 1613 436 1624 ,
448 1592 488 1619 rel
501 1592 559 1619 eius
571 1599 766 1625 amanuenses,
780 1591 927 1618 memoriae
939 1589 1018 1623 lapsu
1027 1609 1033 1621 ,
1047 1588 1115 1614 scri-

354 1635 426 1661 bunt
443 1636 584 1669 citamque
599 1635 765 1661 Hieremiam
786 1643 834 1669 pro
848 1634 994 1661 Habacuco
1009 1638 1036 1660 et
1047 1634 1117 1660 Osea

356 1686 382 1711 p.
399 1681 457 1704 191.
472 1682 533 1704 219.
548 1681 608 1704 319.
624 1679 692 1704 Item
706 1679 804 1705 isaiam
818 1687 865 1713 pro
878 1678 1001 1704 Michaea
1014 1686 1039 1712 p.
1055 1680 1116 1704 398.

355 1721 449 1753 (Paria
469 1721 624 1755 sphalmata
645 1721 759 1748 adnotat
777 1721 810 1748 de
830 1721 949 1757 Didymo
968 1721 1118 1755 Mingarel-

354 1764 410 1791 Iius
429 1765 458 1791 111
478 1765 580 1799 proleg.
595 1764 630 1791 ad
648 1764 697 1791 lib.
715 1764 748 1791 de
766 1766 844 1791 Trin.
862 1773 920 1799 cap.
938 1767 996 1795 15.)

700 1831 725 1856 D

306 1895 460 1920 Daemonas
480 1903 553 1927 vere,
571 1903 628 1922 non
649 1896 757 1922 morbos
776 1896 814 1922 rei
834 1896 1027 1924 daemoniacae
1046 1897 1121 1924 simi-

359 1938 412 1968 les,
431 1937 605 1972 depellebant
623 1939 749 1965 Christus
768 1944 795 1965 et
813 1940 929 1974 apostoli
948 1949 974 1974 p.
989 1944 1050 1967 272.

306 1980 436 2007 Damasci
455 1981 547 2007 cultus
567 1981 684 2008 daemon
704 1990 730 2016 p.
746 1985 806 2009 126.

307 2024 357 2051 Dei
377 2025 474 2051 eximia
495 2025 680 2052 misericordia
700 2034 725 2060 p.
742 2029 802 2052 345.
816 2029 877 2052 346.

308 2068 445 2095 Denarius
457 2076 588 2095 numerus
601 2069 712 2103 signum
723 2074 764 2096 est
776 2069 950 2104 perfectionis
961 2072 991 2097 111
1003 2078 1040 2097 ss.
1055 2071 1122 2098 scri-

361 2113 449 2147 pturis
464 2121 490 2147 p.
506 2116 566 2140 389,
581 2113 626 2139 Sic
639 2113 720 2140 etiam
733 2113 869 2149 Didymus
884 2115 914 2141 111
928 2116 1123 2142 commentario

362 2156 464 2183 inedito
484 2157 518 2183 ad
538 2166 577 2192 ps.
594 2158 716 2184 XXXII.
731 2161 756 2184 2.

310 2202 385 2228 Deus
405 2202 433 2227 in
452 2201 513 2228 loco
532 2210 587 2228 non
607 2206 647 2229 est
667 2210 693 2236 p.
707 2207 769 2230 468.

310 2246 385 2271 Deus
403 2253 459 2271 non
475 2250 530 2271 tam
544 2246 631 2279 iurat,
645 2254 727 2281 quam
741 2246 808 2273 dicti
819 2247 863 2274 sui
876 2247 1067 2275 certitudinem
1080 2248 1124 2274 iu-

363 2288 437 2315 dicat
456 2297 482 2324 p.
499 2293 558 2316 118.

313 2332 387 2358 Deus
407 2337 494 2365 potest
508 2334 545 2360 rei
559 2334 677 2361 alicqus
695 2335 877 2362 substantiam
892 2336 918 2362 in
935 2336 1016 2362 aliam
1036 2340 1125 2363 trans·

367 2375 484 2402 formare
503 2386 529 2411 p.
546 2381 604 2405 152.

313 2419 387 2445 Deus
407 2427 464 2445 rem
483 2419 584 2448 factam
603 2423 700 2457 nequit
717 2423 805 2451 facere
824 2424 951 2451 infectam
972 2433 998 2459 p.
1015 2428 1073 2452 116.

313 2463 430 2489 Diaconi
450 2467 587 2497 gestantes
605 2466 706 2494 Christi
726 2475 824 2502 corpus
843 2476 869 2502 p.
883 2471 944 2495 466.

316 2512 423 2538 Δικαιως
443 2507 538 2541 lectio,
560 2517 608 2543 pro
626 2512 714 2543 ἀδίκως
734 2514 774 2543 (I.
790 2514 861 2539 Petr.
878 2514 911 2540 II.
927 2515 987 2543 23.)
1008 2521 1034 2547 p.
1049 2516 1108 2540 198.

313 2552 424 2579 Dictum
432 2552 600 2588 illudporro
608 2563 693 2582 mium
702 2559 744 2583 est
751 2560 937 2584 necessariam
948 2559 1024 2590 (Luc.
1032 2558 1105 2584 X.42
1112 2560 1128 2590 .)

367 2597 487 2631 Cyrillus
506 2597 638 2632 intelligit
656 2598 689 2625 de
709 2607 818 2628 mensae
831 2601 989 2636 frugalitate
1009 2610 1034 2636 p.
1048 2604 1109 2629 216.

316 2639 484 2667 Didrachma
503 2649 551 2676 pro
571 2641 679 2669 duobus
698 2643 852 2671 solvebatur
871 2645 1006 2680 capitibus
1026 2654 1050 2680 p.
1068 2649 1127 2673 134.

316 2684 427 2718 Digitus
439 2685 491 2711 Dei
510 2685 677 2720 intelligitur
690 2687 807 2721 Spiritus
827 2693 938 2716 sanetus
953 2697 978 2724 p.
993 2692 1053 2716 272.
1067 2693 1128 2717 468.

317 2726 431 2769 Diodori
449 2729 580 2755 tarsensis
598 2729 786 2764 fragmentum
805 2739 831 2766 p.
846 2735 907 2758 453.

315 2770 441 2806 Dionysii
455 2771 625 2799 alexandrini
639 2773 741 2800 scholia
752 2795 759 2807 ‚
771 2774 866 2801 eadem
879 2779 944 2802 sunt
954 2783 1024 2810 quae
1036 2776 1063 2802 S.
1073 2777 1130 2803 Ma-

370 2815 450 2847 ximi,
465 2815 493 2842 111
512 2817 704 2852 Areopagitam
723 2818 807 2853 praef.
822 2827 882 2853 cap.
896 2820 942 2846 vl.

318 2860 441 2895 Dionysii
460 2862 631 2895 areopagitae
646 2862 728 2890 codex
745 2863 974 2900 tachygraphicus
991 2866 1129 2894 nobilissi-

372 2911 446 2937 mus7
463 2905 546 2939 praef.
562 2914 621 2940 cap.
636 2907 682 2934 VI.

1842 241 1845 246 ’
1887 231 1955 264 665

1147 308 1296 333 Dioscorus
1315 305 1412 340 pulsus
1431 305 1459 331 in
1478 302 1590 337 exilium
1609 302 1641 328 T.
1656 309 1682 336 p.
1698 303 1758 327 542.

1148 350 1251 377 Β111195
1273 349 1414 376 oeconomi
1436 355 1587 383 pauperum
1609 346 1646 373 ita
1667 345 1731 372 dicti
1757 353 1771 371 a
1793 352 1841 371 sua
1864 345 1962 379 cuique

1202 392 1395 421 distribuendo
1415 401 1441 427 p.
1456 396 1515 419 343.

1152 440 1302 465 Doctorum
1321 442 1348 464 et
1366 441 1506 472 pastorum
1525 436 1554 462 in
1573 434 1686 462 ecclesia
1706 433 1840 461 successio
1861 442 1885 468 p.
1905 438 1961 460 169.

1154 483 1299 510 Dubitasse
1312 483 1342 508 B.
1356 482 1471 508 Mariam
1483 480 1515 507 de
1528 480 1576 507 filii
1587 479 1783 507 resurrectione
1795 478 1899 510 futura.v
1908 486 1964 505 11011

1207 526 1361 553 admittitur
1380 534 1405 561 p.
1424 528 1482 551 136.

1549 595 1571 620 E

1153 657 1323 693 Ἐκαρὸίωσας
1343 658 1436 690 (Cant.
1458 657 1503 682 IV.
1517 658 1562 688 9.)
1581 656 1697 690 explicat
1716 654 1833 690 Cyi'illus
1853 662 1901 680 cor
1920 661 1965 679 sea

1210 704 1336 729 aninumr
1358 701 1500 728 ‹alaidistz
1520 708 1546 735 p.
1560 703 1620 726 464.

1158 745 1278 772 Ecclesia
1297 749 1391 779 suapte
1411 744 1502 771 indole
1521 748 1561 771 est
1579 742 1741 770 universalis
1760 750 1786 777 p.
1802 744 1862 768 257.

1161 791 1281 827 κῑῐσήλθῃ
1303 799 1349 827 pro
1370 791 1459 826 ἐγερθῇ
1478 791 1561 822 (Luc.
1575 789 1656 815 XIII.
1670 790 1731 819 26.)
1751 795 1776 821 p.
1793 789 1852 813 324.

1159 838 1204 867 Εἷς
1222 839 1264 865 τήν
1281 838 1379 871 παγίδκ
1394 844 1441 871 ΡΙὉ
1462 836 1496 865 εἷς
1514 837 1557 863 τήν
1573 836 1619 869 γῆν
1640 833 1753 865 (Matth.
1768 833 1804 858 X.
1817 833 1878 861 29.)
1898 829 1969 864 lege-

1212 881 1259 908 bat
1278 881 1412 908 Eusebius
1432 880 1499 907 alex.
1515 880 1545 906 E.
1561 886 1586 913 p.
1601 881 1662 904 525.

1161 926 1355 960 Eleemosynae
1374 924 1497 951 debitum
1517 932 1543 958 p.
1560 925 1620 950 357.
1637 924 1697 948 358.

1162 970 1354 1005 Eleemosynae
1374 969 1434 995 laus
1455 976 1480 1002 p.
1501 970 1561 993 201.
1577 969 1637 993 348.
1652 968 1712 992 350.
1727 967 1788 991 358.
1809 963 1843 989 Et
1861 961 1971 996 quidem

1215 1013 1248 1040 de
1268 1014 1318 1040 hoc
1337 1016 1499 1047 argumento
1519 1015 1560 1038 est
1571 1009 1680 1037 Eusebii
1700 1009 1768 1035 alex.
1783 1008 1865 1042 longa
1885 1007 1971 1033 homi—

1215 1058 1252 1084 lia
1272 1057 1343 1092 apud
1363 1065 1413 1083 nos
1432 1065 1459 1091 p.
1473 1058 1602 1083 501-522.

1158 1103 1304 1132 Ἰᾷπιούσιος
1328 1109 1377 1128 vox
1400 1101 1492 1135 ignota
1516 1098 1638 1134 profanis
1661 1095 1840 1130 scriptoribus
1864 1102 1889 1128 p.
1912 1096 1972 1119 265.

1216 1147 1282 1173 Eius
1301 1145 1471 1180 significatus
1490 1152 1516 1178 p.
1531 1147 1591 1170 266.

1165 1193 1272 1220 liubula
1291 1191 1392 1219 femina
1416 1190 1506 1223 (lives,
1527 1191 1638 1216 Petrum
1662 1187 1817 1222 apostolum
1838 1183 1975 1212 facultati-

1217 1238 1269 1264 bus
1288 1237 1344 1264 suis
1363 1236 1473 1262 iuvabat
1491 1236 1522 1260 E.
1540 1242 1565 1269 p.
1583 1236 1642 1260 519.
1661 1236 1721 1259 520.

1166 1283 1353 1310 Eucharistiae
1366 1284 1566 1308 sacramentum
1581 1278 1701 1305 continet
1716 1283 1814 1311 corpus
1826 1279 1853 1301 et
1865 1274 1976 1308 sangui-

1219 1335 1281 1354 nem
1299 1326 1409 1352 Domini
1423 1333 1450 1360 p.
1463 1327 1522 1351 124.
1535 1326 1596 1350 413.
1608 1326 1669 1349 415.
1682 1325 1743 1348 416.
1755 1325 1815 1348 466.
1830 1325 1856 1347 et
1869 1321 1899 1346 F.
1915 1322 1974 1345 513.

1219 1373 1267 1399 Gr.
1278 1375 1338 1398 563.
1351 1372 1410 1397 Hac
1423 1369 1456 1396 de
1470 1378 1499 1395 re
1512 1367 1668 1396 testimonia
1680 1375 1743 1401 prae
1753 1365 1848 1392 ceteris
1860 1363 1977 1396 insignia

1220 1417 1363 1444 Athanasii
1382 1424 1409 1450 p.
1424 1418 1489 1447 584,
1510 1418 1537 1441 et
1555 1412 1648 1448 Cyrilli
1668 1419 1694 1446 p.
1710 1414 1770 1437 417.

1168 1460 1357 1488 Eucharistiae
1375 1463 1500 1493 sumptae
1518 1457 1623 1484 utilitas
1643 1464 1668 1491 p.
1684 1459 1743 1482 167.
1759 1458 1820 1481 416.

1168 1505 1370 1532 Eucharistiam
1389 1511 1438 1530 cur
1450 1510 1505 1529 non
1518 1501 1568 1528 sub
1581 1501 1686 1532 carnis,
1700 1499 1748 1526 sed
1763 1498 1812 1525 sub
1826 1497 1903 1533 panis
1918 1504 1978 1531 spe—

1222 1549 1277 1581 cie,
1297 1548 1421 1575 Christus
1441 1546 1589 1574 instituerit
1608 1553 1634 1579 p.
1650 1547 1712 1570 417.

1170 1594 1352 1620 Euchitarum
1372 1591 1489 1618 haeresis
1509 1599 1534 1625 p.
1551 1592 1610 1616 107.

1172 1638 1281 1672 Eulogii
1300 1635 1469 1663 alexandrini
1489 1633 1639 1665 framenta
1659 1631 1713 1659 duo
1733 1639 1758 1666 p.
1773 1633 1832 1657 516.
1850 1633 1911 1657 517.

1172 1681 1368 1713 Eunuchismi‚
1384 1680 1467 1707 etiam
1486 1678 1646 1712 voluntarii,
1661 1684 1763 1711 poenae
1783 1676 1873 1703 civiles
1893 1679 1919 1702 et
1937 1682 1982 1701 ca-

1225 1727 1340 1753 nonicae
1360 1734 1385 1760 p.
1399 1729 1460 1751 495.
1477 1726 1538 1749 497.

1174 1770 1323 1797 Eunuchos
1336 1769 1408 1804 gravi
1420 1768 1571 1795 invectione
1582 1766 1741 1802 perstringit
1753 1765 1871 1801 Cyrillus
1885 1773 1910 1799 p.
1920 1768 1980 1791 494.

1227 1814 1261 1841 ad
1280 1817 1340 1840 497.

1175 1858 1388 1893 Euphemismus
1407 1857 1570 1883 daemonum
1592 1863 1617 1890 p.
1635 1858 1692 1882 165.

1176 1903 1285 1930 Eusebii
1304 1902 1423 1929 emeseni
1443 1902 1537 1935 exigua
1557 1900 1655 1927 lacuna
1675 1899 1798 1934 expletur
1815 1907 1842 1934 p.
1856 1901 1916 1925 528.

1176 1947 1311 1973 Eusebius
1330 1945 1521 1973 alexandrinus
1538 1946 1568 1970 B.
1581 1944 1682 1970 Mariae
1695 1943 1916 1969 intercessionem
1933 1943 1985 1969 1111-

1229 1989 1318 2023 plorat
1337 1990 1369 2015 E.
1384 1997 1410 2023 p.
1425 1992 1485 2015 522.

1176 2034 1325 2068 ]Ξῦριίχωξος
1345 2040 1394 2066 pro
1413 2034 1555 2067 εὐρύχωρος
1575 2034 1632 2066 (ps.
1647 2031 1718 2058 CIII.
1732 2032 1793 2061 25.)
1813 2029 1921 2065 legebat
1934 2030 1985 2065 Cf-

1230 2077 1308 2104 rillus
1327 2085 1353 2112 p.
1371 2079 1431 2103 489.

1178 2121 1309 2157 Eutychis
1322 2121 1436 2155 maligni
1450 2120 1568 2147 haeresis
1581 2120 1615 2146 G.
1630 2122 1725 2154 p.592.
1739 2119 1769 2145 P.
1780 2122 1839 2145 617.
1850 2121 1910 2145 644.
1923 2121 1984 2144 647.

1178 2167 1231 2192 Eva
1251 2174 1299 2192 cur
1318 2165 1351 2192 de
1370 2165 1468 2192 Adami
1488 2169 1562 2191 costa
1582 2173 1607 2199 p.
1623 2168 1665 2191 34.

1180 2212 1328 2246 Εὖειμκτεῖν
1343 2213 1408 2242 (Seu
1420 2212 1562 2246 εὖιματεῖν)
1576 2209 1705 2236 YOCRbUIO
1718 2209 1760 2236 DIS
1771 2211 1859 2236 Uilffll‘
1868 2207 1987 2243 CXI‘IHIIS

1232 2264 1258 2290 p.
1272 2258 1333 2282 490.
1349 2255 1414 2282 adn.

1179 2299 1399 2326 Exorcismorum
1419 2298 1480 2325 data
1500 2298 1628 2325 ecclesiae
1648 2301 1765 2333 potestas
1784 2305 1810 2332 p.
1824 2299 1883 2323 253Α

1575 2365 1595 2391 F

1181 2432 1279 2458 Fatum
1298 2431 1470 2466 improbatur
1489 2433 1519 2458 E.
1534 2440 1560 2466 p.
1574 2435 1636 2459 525.

1180 2476 1342 2503 Femineum
1362 2484 1448 2510 genus
1466 2481 1566 2503 natura
1586 2476 1738 2503 misericors
1758 2484 1784 2511 p.
1800 2479 1859 2503 434.

1180 2520 1258 2547 Fidei
1277 2520 1442 2547 christianae
1461 2520 1522 2547 laus
1541 2528 1566 2555 p.
1581 2523 1641 2547 286.
1657 2524 1716 2547 289.
1733 2523 1792 2547 362.
1807 2528 1862 2555 seq.
1904 2536 1907 2537 ν

1182 2564 1258 2591 Fidei
1277 2565 1426 2591 necessitas
1446 2573 1472 2599 p.
1488 2567 1548 2591 323.
1562 2569 1588 2591 et
1600 2567 1633 2591 A.
1649 2567 1709 2591 574.

1182 2607 1263 2634 Fides
1281 2608 1408 2643 religIOSa
1428 2609 1537 2635 initium
1557 2608 1769 2643 intelligentiae,
1789 2616 1844 2636 non
1863 2608 1991 2639 effectus.

1236 2660 1261 2686 p.
1279 2655 1339 2678 286.
1354 2655 1415 2678 404.
1988 2641 1990 2643 ’

1183 2696 1247 2722 Filii
1268 2704 1329 2723 cum
1351 2701 1426 2731 patre
1445 2697 1594 2731 aequalitas
1614 2705 1639 2731 p.
1655 2700 1696 2723 11.
1712 2700 1755 2723 20.
1769 2704 1824 2732 seq.

1184 2739 1246 2766 Filii
1259 2741 1351 2768 missio
1362 2740 1525 2775 intelligitur
1535 2740 1568 2767 de
1579 2740 1721 2775 adsumpta
1733 2741 1901 2768 humanitate
1913 2750 1938 2776 p.
1951 2745 1990 2768 17.

1240 2787 1296 2810 157.

1184 2827 1247 2854 Filii
1267 2828 1359 2854 missio
1377 2835 1433 2854 non
1453 2828 1544 2855 innuit
1564 2829 1692 2855 maiorem
1714 2833 1817 2863 patrem
1838 2815 1865 2864 pf
1879 2833 1921 2857 15.
1937 2837 1993 2866 seq.

1185 2871 1286 2904 Filius.
1307 2879 1362 2898 non
1382 2879 1459 2898 secus
1478 2879 1508 2899 ac
1528 2876 1617 2906 pater,
1637 2871 1780 2906 dominus,
1801 2881 1826 2908 p.
1849 2877 1891 2900 21.

1184 2914 1271 2942 Filius
1291 2915 1479 2951 aequipollens
1498 2916 1567 2952 patri
1587 2924 1612 2952 p.
1630 2918 1670 2944 13.
1685 2924 1741 2954 seq.

1847 2974 1881 2998 84
