2219 3322
80 1619 88 1624 “
103 1615 154 1636 ςοι14
166 1616 251 1642 Jntlris.

135 2419 139 2424 ⁴
158 2416 187 2436 ita
203 2415 253 2435 eod.

87 2574 94 2579 ⁶
110 2573 165 2597 puts)
179 2578 204 2592 vx

84 2608 217 2632 gaes-l.22¹?.z.

221 2577 255 2599 gr.

293 213 361 248 ‚35ss

290 302 367 322 nem
389 289 577 323 lus-tiliam.
600 290 786 334 Legislator
804 302 879 324 sum
892 317 899 330 ‚
915 297 947 324 et
967 291 1101 336 legisla-

291 349 374 380 toris
390 347 496 382 tilius.
512 354 540 380 et
559 353 694 392 oportet
710 359 764 381 me
781 349 928 392 primum
945 350 1100 383 omnium

291 416 352 448 pet·
367 404 644 437 constitutionem
660 415 673 436 x
684 405 794 441 enirc.
812 411 845 438 et
860 412 939 439 tunc
956 418 1100 452 praepo-

291 473 372 494 nere
390 461 436 494 eis
455 473 541 494 onus
557 462 741 506 praecepti.
763 462 908 507 Oportet
922 474 976 496 me
992 463 1102 496 adim-

291 517 384 562 plere
399 518 507 561 legem
519 543 526 555 ,
540 524 572 551 et
586 524 665 551 tunc
678 518 808 552 donare
821 520 978 563 gratiam.
996 522 1101 566 Opor-

291 581 333 607 tet
353 586 406 607 me
420 574 562 608 umbrae
577 576 758 619 imaginem
775 577 958 621 repellere,
973 584 1005 611 et
1021 585 1100 612 tunc

290 631 414 664 offerre
441 633 630 666 writatem.
660 633 804 678 Oportet
831 645 885 667 me
910 634 1021 668 facere
1046 647 1101 668 re-

290 689 462 732 quiescere
482 695 578 723 xetus
598 695 855 729 testamentum,
876 697 908 724 et
933 697 1012 725 tunc
1038 703 1101 725 no—

290 758 302 777 x
314 757 368 778 nm
385 746 530 784 dictare,
548 753 579 780 et
595 748 628 780 in
645 747 824 781 hominum
839 748 1003 782 cordibus
1018 752 1100 784 scri—

291 801 371 835 bere
397 804 496 836 etiam
518 816 595 837 meo
615 806 796 849 sanguiue,
817 812 847 839 et
876 807 1009 852 signare
1028 809 1100 852 Spi—

291 860 369 893 ritu.
399 862 541 905 Oportet
562 873 616 894 me
635 863 667 895 in
689 874 824 896 crucem
845 864 1045 903 ascendere.
1068 872 1102 898 et

289 918 392 951 claris
412 918 558 963 configi.
582 925 615 952 et
635 921 720 965 pati,
744 926 774 953 et
796 921 938 954 vulnera
962 933 1098 961 sanare.

290 982 321 1008 et
349 987 409 1020 per
428 976 560 1020 tignum
580 989 693 1010 emere
712 989 806 1016 eam,
827 990 915 1023 quae
934 990 996 1024 per
1019 979 1101 1024 ligni

290 1034 594 1077 transgressitmem
615 1034 812 1069 hominibus
832 1036 918 1070 sacta
937 1043 1006 1071 est.
1029 1037 1101 1082 pla-

289 1101 378 1132 gam.
397 1091 540 1135 Oportet
559 1104 611 1124 me
626 1092 832 1127 descendere
845 1095 877 1126 in
893 1095 1006 1139 ipsum
1020 1106 1100 1140 pro-

290 1146 434 1180 fundum
462 1148 602 1187 inferni,
627 1149 684 1182 ubi
708 1156 741 1183 tu
761 1150 866 1183 debes
886 1162 941 1184 me
966 1162 1101 1185 annun-

290 1205 373 1237 tiare
389 1211 531 1250 propter
545 1217 603 1239 eos
617 1207 674 1251 qui
691 1206 818 1240 ibidem
834 1213 992 1241 tenentur
1006 1219 1101 1241 mor-

290 1262 350 1294 tui.
373 1262 515 1306 Oportet
534 1275 586 1296 me
602 1265 698 1297 tertia
717 1264 772 1297 die
787 1264 1006 1298 defunctione
1026 1278 1101 1299 car-

288 1319 339 1351 nis
367 1330 460 1352 meae
487 1320 662 1354 ‹tt-struere
688 1322 872 1367 longaevae
891 1324 1012 1356 mortis
1038 1335 1101 1369 po-

290 1376 442 1410 tentiam.
472 1378 617 1422 Oportet
642 1390 697 1411 me
723 1380 878 1424 corporis
897 1381 962 1413 mei
990 1380 1101 1413 lucer—

288 1444 366 1466 nam
380 1430 579 1468 *accendere
597 1435 650 1469 his
669 1437 727 1480 qui
747 1437 781 1468 in
806 1436 954 1470 tenebris
973 1443 1005 1471 et
1025 1450 1102 1471 um—

289 1489 349 1523 bra
376 1493 497 1525 mortis
523 1492 654 1526 sedent.
684 1494 828 1538 Oportet
847 1505 900 1527 me
919 1494 1101 1528 ascendere

288 1559 389 1581 carne
408 1548 467 1582 ubi
487 1561 561 1583 sum
582 1550 718 1584 deitate.
742 1552 886 1596 Oportet
907 1563 960 1585 me
975 1552 1101 1587 offerre

287 1606 375 1650 patri
400 1607 410 1614 '
435 1606 543 1640 Adam
571 1608 604 1640 in
632 1619 686 1641 me
713 1616 927 1653 regnantem.
955 1610 1101 1654 Oportet

287 1673 341 1696 me
369 1663 451 1697 haee
476 1666 592 1698 omnia
619 1666 802 1710 perticere,
826 1678 891 1712 pro
916 1667 982 1700 hoc
1009 1668 1100 1700 enim

286 1721 370 1753 meis
397 1722 483 1754 astiti
512 1721 663 1755 facturis.
693 1724 835 1768 Oportet
857 1736 911 1757 me
938 1724 1100 1770 baptizari

287 1789 378 1811 nune
404 1778 469 1812 hoe
496 1777 688 1824 baptismo.
715 1787 747 1813 et
774 1782 995 1826 postmodnm
1022 1794 1100 1815 cum

287 1834 576 1869 consubstantiale
601 1838 764 1871 Trinitate
790 1837 998 1884 baptismum
1025 1851 1102 1873 om-

287 1891 389 1925 nibus
408 1892 538 1926 donare
557 1893 769 1928 hominibus.
791 1896 920 1929 Fenera
940 1896 980 1929 ad
1002 1908 1102 1941 prae-

287 1956 417 1983 sentem
434 1956 526 1984 tuam
542 1951 715 1986 dexteram
733 1953 1020 1998 dispensationem
1032 1981 1039 1991 ,
1056 1955 1103 1988 si-

288 2013 342 2040 cut
363 2008 445 2040 mihi
472 2011 640 2043 mutuavit
660 2010 702 2043 ad
727 2011 937 2044 nativitatem
960 2011 1101 2045 xulvam

287 2069 408 2096 mater.
430 2064 596 2110 Demerge
608 2076 662 2098 me
681 2066 863 2099 iordanieis
878 2066 1015 2100 fluentis
1029 2066 1098 2106 his,

288 2121 582 2166 quemadmodum
609 2134 697 2167 quae
720 2135 775 2156 me
802 2125 918 2169 genuit
937 2124 1101 2158 infantili-

288 2176 353 2212 bus
373 2179 515 2212 involvit
536 2181 670 2225 pannis.
699 2182 747 2215 Da
767 2181 851 2215 mihi
870 2181 1078 2228 baptismum
1091 2208 1099 2220 ,

289 2236 375 2268 sicut
392 2237 491 2281 virgo
511 2237 573 2270 lac.
602 2239 691 2271 Tene
712 2250 827 2272 meum
854 2246 974 2285 eaput,
997 2251 1100 2284 quem

289 2292 405 2326 colunt
431 2295 627 2339 Seraphim:
652 2302 728 2329 tene
751 2296 860 2341 digito
880 2296 922 2341 (a)
943 2295 1102 2331 dexterae

289 2355 383 2383 tuae:
403 2357 479 2384 tene
497 2363 575 2384 eum
591 2353 649 2397 qui
668 2354 815 2386 retinere
833 2354 1004 2399 permisit:
1025 2361 1102 2387 tene

289 2419 367 2440 eum
383 2409 440 2452 qui
457 2419 520 2453 pro
536 2408 732 2442 huiusmodi
753 2410 762 2419 “
784 2410 892 2443 faetus
907 2416 975 2446 est.
994 2416 1027 2443 et
1041 2410 1102 2444 ha—

289 2463 346 2497 bet
368 2466 551 2510 Spiritum:
573 2472 649 2499 tene
668 2477 782 2499 meum
803 2472 902 2511 capnt
916 2492 923 2503 .
945 2478 1047 2511 quem
1074 2467 1101 2500 si

290 2523 367 2567 quis
386 2523 439 2568 pie
467 2524 630 2562 tenuerit,
656 2535 843 2568 numquam
864 2524 992 2569 patitur
1018 2536 1102 2557 nau-

293 2579 450 2625 fragium.
480 2582 613 2626 Baptiza
640 2593 712 2620 me,
740 2583 798 2626 qui
828 2582 962 2615 futurus
988 2593 1063 2615 snm
1092 2583 1100 2591 ‘

652 226 801 249 (inmonn
827 226 1022 249 ANTtOCttssxt
1048 227 1089 250 DE
1116 227 1274 250 mensam
1299 226 1425 250 CHRISTI
1451 227 1556 251 SERMO
1582 227 1605 250 1.

1156 291 1326 338 baptizare
1352 292 1528 325 credentes
1553 291 1587 325 in
1613 302 1701 337 aqua
1726 298 1760 325 et
1779 292 1906 337 Spiritu
1930 299 1963 327 et

1154 350 1241 394 igni;
1255 361 1341 393 aqua
1354 349 1486 382 valente.
1498 360 1644 394 purgare
1658 355 1876 395 peccatorum
1892 361 1964 383 sor—

1154 406 1214 439 des
1226 432 1233 444 ,
1251 406 1376 451 Spiritu
1392 406 1526 439 valente
1542 411 1695 439 terrenos
1710 406 1845 439 efficere
1866 406 1875 415 ‘
1895 407 1966 451 spi-

1154 464 1280 501 ritaleS,
1291 463 1359 506 igni
1374 462 1556 496 incendere
1566 463 1753 508 iniquitatis
1763 463 1927 497 rhamnos
1938 463 1962 497 ⁹.

1227 522 1260 554 Δἰ».
1290 522 1389 554 llunc
1416 521 1556 554 audiens
1578 522 1725 567 Baptista
1751 533 1963 559 sermonem,

1154 577 1323 623 praebens
1349 585 1497 612 mentem
1521 585 1553 611 et
1579 589 1701 612 cavens
1728 579 1738 588 '
1765 579 1967 623 mysterium

1154 636 1249 680 quod
1262 636 1387 681 accepit
1399 661 1406 674 ‚
1420 636 1621 669 ministravit
1634 635 1752 669 divino
1766 641 1963 681 praecepto.

1154 694 1233 726 Erat
1259 693 1349 726 enim
1374 693 1553 738 religiosus
1572 691 1672 727 simul
1693 698 1723 726 et
1745 693 1912 735 clemens;
1934 699 1968 726 et

1154 761 1249 783 suam
1280 750 1455 783 dexteram
1485 749 1672 783 extendens
1703 749 1802 783 simul
1831 756 1968 784 contre-

1153 813 1304 840 mentem
1321 833 1328 844 ,
1362 808 1470 840 Deum
1503 806 1698 852 baptizaxit.
1736 807 1968 840 l'raesentium

1154 876 1238 897 vero
1255 864 1460 898 Iudaeorum
1476 864 1595 909 procul
1612 865 1730 909 positis
1745 865 1967 908 cogitantium

1154 923 1189 955 in
1209 934 1243 955 se
1264 923 1343 968 ipsis
1362 928 1394 955 et
1415 921 1457 955 ad
1476 922 1622 956 intieem
1639 922 1846 955 dicentium:
1867 933 1968 955 num-

1154 979 1238 1024 quid
1257 991 1343 1013 x‘ane
1362 979 1492 1024 opinati
1512 990 1630 1012 sumus
1649 978 1837 1012 Iohannem
1860 980 1968 1012 maio-

1154 1047 1229 1068 rem
1254 1047 1325 1069 esse
1345 1036 1444 1069 Iesu?
1469 1034 1638 1080 numquid
1658 1046 1744 1068 vane
1763 1034 1968 1080 putabamus

1154 1093 1253 1126 illum
1272 1093 1452 1126 meliorem
1475 1092 1541 1126 hoe
1560 1092 1657 1125 esse?
1684 1103 1799 1125 nonne
1820 1092 1890 1137 ipse
1909 1091 1969 1125 ba-

1154 1151 1298 1195 ptismus
1311 1150 1586 1184 meliorationem
1599 1148 1766 1194 baptistae
1780 1148 1969 1194 significat?

1154 1219 1270 1241 nonne
1284 1209 1346 1241 iste
1364 1208 1505 1253 quidem
1519 1207 1666 1253 baptizat
1681 1208 1768 1240 sieut
1781 1208 1970 1252 snperemi-

1155 1276 1255 1303 nens,
1280 1265 1337 1298 ille
1362 1277 1445 1298 vero
1470 1264 1659 1311 baptizatur
1681 1265 1765 1298 sicut
1793 1264 1969 1298 deterior?

1154 1322 1245 1356 Talia
1264 1324 1514 1356 susurrantium
1533 1323 1591 1368 qui
1611 1321 1816 1367 ignorabant
1830 1321 1969 1367 dispen-

1155 1380 1294 1413 sationis
1319 1381 1521 1424 m)'st‹>i‘ium
1534 1405 1541 1418 ‚
1564 1379 1658 1413 solus
1677 1379 1838 1413 dominus
1857 1385 1889 1413 et
1911 1391 1969 1413 na—

1155 1442 1232 1470 tura
1251 1444 1348 1482 pater
1367 1438 1531 1483 unigeniti
1549 1437 1577 1475 '‚
1593 1448 1696 1482 quem
1713 1437 1806 1471 solus
1821 1438 1882 1471 scit
1895 1437 1969 1470 diti-

1156 1496 1358 1540 genter‚qui
1374 1494 1467 1528 solus
1481 1495 1597 1540 genuit
1610 1494 1793 1539 impassive
1808 1495 1818 1504 '
1829 1520 1837 1533 ‚
1854 1506 1969 1528 emen-

1155 1552 1241 1585 dans
1272 1553 1461 1586 errantium
1491 1552 1698 1586 Iudaeorum
1727 1552 1966 1597 opinationes,

1154 1609 1313 1654 patefecit
1339 1615 1455 1654 portas
1485 1609 1591 1647 caeli,
1620 1614 1652 1642 et
1682 1609 1773 1642 misit
1804 1610 1969 1654 Spiritum

1155 1672 1312 1699 sanctum
1332 1666 1365 1698 in
1385 1666 1497 1711 specie
1511 1664 1712 1703 columbae,
1730 1665 1839 1709 digito
1855 1671 1970 1699 osten-

1155 1722 1240 1756 dens
1254 1734 1383 1756 novum
1397 1723 1470 1756 Noe
1484 1727 1516 1756 et
1531 1723 1604 1755 Noe
1619 1728 1821 1755 creatorem.
1839 1723 1880 1756 Et
1897 1723 1970 1768 ipse

1155 1780 1294 1813 caelitus
1320 1778 1489 1813 clamabat
1514 1780 1616 1813 nimis
1644 1781 1679 1812 'x
1707 1779 1765 1811 hie
1795 1788 1843 1812 es!
1863 1780 1970 1825 filias

1155 1849 1251 1870 meus
1270 1837 1435 1873 (memus,
1453 1837 1571 1883 inquo
1590 1838 1800 1884 complacui.
1818 1840 1882 1873 Iste
1899 1851 1970 1873 non

1156 1895 1233 1933 ille;
1254 1896 1367 1933 Iesus,
1389 1906 1459 1928 non
1487 1896 1674 1934 Iohannes;
1696 1897 1755 1941 qui
1782 1895 1972 1941 baptizatus

1155 1958 1223 1991 est,
1245 1964 1314 1986 non
1340 1954 1399 1998 qui
1427 1951 1631 1998 baptizavit;
1650 1954 1708 1998 qui
1729 1953 1772 1986 de
1791 1965 1846 1987 me
1872 1960 1970 1987 natus

1155 2016 1204 2043 est
1225 2016 1303 2043 ante
1321 2021 1424 2044 omne
1445 2011 1609 2056 temporis
1630 2012 1777 2056 spatium
1790 2038 1798 2049 ‚
1819 2022 1889 2045 non
1910 2013 1968 2056 qui

1155 2067 1198 2100 de
1217 2067 1376 2101 Zacharia
1396 2067 1548 2112 primurn
1569 2067 1738 2110 efflorui13
1757 2069 1817 2113 qui
1837 2068 1880 2102 de
1898 2070 1969 2102 Ma-

1155 2125 1205 2158 ria
1232 2131 1331 2158 natus
1357 2131 1408 2158 est
1429 2124 1617 2158 secundum
1638 2136 1795 2161 carnem.
1815 2137 1885 2159 non
1910 2128 1969 2172 qui

1156 2181 1199 2215 de
1213 2180 1413 2215 Ilelisabeth
1429 2183 1588 2227 apparuit
1606 2183 1678 2216 sine
1691 2194 1770 2227 spe:
1787 2183 1902 2227 quide
1921 2185 1971 2216 in-

1156 2238 1304 2272 solubile
1322 2240 1515 2284 virginitate
1534 2239 1664 2284 absque
1682 2239 1800 2273 labore
1820 2240 1968 2279 fructus.

1156 2307 1226 2329 non
1252 2296 1384 2330 solutae
1408 2296 1594 2330 sterilitatis
1612 2308 1747 2335 ramus;
1769 2299 1828 2342 qui
1851 2297 1971 2332 nobis-

1157 2365 1235 2387 eum
1262 2354 1410 2387 nutritus
1436 2359 1503 2392 est.
1525 2365 1596 2387 non
1621 2355 1681 2399 qui
1707 2355 1740 2387 in
1766 2355 1904 2389 deserto
1921 2362 1969 2389 est

1157 2412 1344 2449 enutritus;
1360 2412 1419 2456 qni
1435 2411 1535 2444 simut
1556 2422 1689 2444 mecum
1709 2423 1858 2456 superne
1874 2418 1906 2445 et
1921 2413 1970 2457 ip-

1157 2480 1233 2501 sum
1252 2469 1342 2502 misit
1357 2469 1521 2514 Spiritum
1540 2475 1712 2502 sanctum:
1729 2470 1853 2503 iterum
1866 2481 1970 2514 quem

1157 2525 1264 2563 misit,
1285 2525 1318 2557 in
1339 2537 1374 2558 se
1394 2524 1440 2569 (b)
1461 2525 1608 2571 suscepit
1627 2526 1804 2570 Spiritum.
1827 2526 1887 2559 Cui
1906 2526 1971 2560 ho-

1157 2593 1222 2615 nor
1234 2588 1265 2616 et
1279 2582 1389 2627 gloria
1404 2584 1436 2615 in
1450 2582 1583 2616 saecula
1599 2583 1828 2617 saeculorum.
1843 2584 1966 2617 Amen.

378 2740 407 2768 a]
429 2737 494 2764 (lod.
517 2737 646 2765 mendose
666 2740 776 2773 coyata.
798 2737 898 2772 Scripsi
919 2736 1077 2765 dubitanter
1095 2739 1195 2773 (liquo.
1216 2739 1315 2766 Recole
1336 2747 1360 2773 p.
1382 2741 1442 2765 555.
1459 2738 1511 2765 eol.
1530 2741 1553 2764 1.
1574 2753 1609 2758 -
1627 2737 1663 2770 (b)
1683 2737 1748 2765 Cod.
1771 2736 1898 2764 mendose
1917 2736 1969 2762 Ιιοι·

296 2782 371 2806 misi(
394 2790 423 2805 re
446 2783 582 2816 suscepit,
602 2790 671 2816 quae
694 2783 869 2815 corriguntur
891 2782 959 2809 infra
985 2782 1013 2808 in
1035 2790 1132 2815 graeco
1152 2791 1296 2814 sermone,
1320 2782 1394 2809 unde
1417 2783 1498 2809 etiam
1521 2782 1712 2816 cognoscimus
1734 2781 1785 2807 hoc.
1807 2780 1867 2807 loco
1888 2779 1970 2807 fuisse

297 2831 389 2849 :faece
412 2837 443 2851 757
449 2830 485 2851 λιυ
497 2846 502 2857 7

523 2827 569 2854 uhi
590 2827 723 2861 interpres
742 2826 823 2853 hahet
842 2828 961 2856 iterum,
981 2826 1052 2860 quod
1072 2826 1170 2854 melius
1190 2827 1249 2854 heic
1268 2827 1442 2862 expressisset
1461 2825 1576 2853 dicendo
1596 2827 1661 2852 ilem
1683 2829 1730 2852 aut
1750 2826 1880 2851 ricz‘ssim.

2000 418 2008 427 ’
2023 416 2074 437 cod.
2089 417 2154 443 tffict.

2001 481 2008 489 ’
2025 477 2067 498 cod
2072 494 2076 498 .
2092 484 2117 497 ra
2122 483 2168 497 nos.

2000 594 2008 599 '
2025 591 2076 612 cod.
2091 590 2178 611 sabens.
2194 603 2201 610 .

2003 1445 2011 1452 '
2027 1441 2069 1463 cod
2074 1459 2078 1463 .
2094 1442 2185 1468 meiqem
2190 1451 2200 1456 -

2003 1471 2046 1489 tus.

2003 1504 2080 1534 {cod
2096 1504 2120 1524 in
2133 1510 2188 1530 pas-

2003 1537 2073 1551 51011θῖ.

2005 1788 2012 1794 ·
2029 1786 2086 1812 puto
2100 1790 2126 1805 ex
2142 1790 2176 1809 gir.

2005 1815 2124 1848 σςεὲᾖές.
