2219 3322
15 419 25 427 “
37 417 85 439 Aci.
99 417 114 438 l.
129 420 159 439 11.

45 1457 52 1462 ¹
69 1454 151 1480 Philip.

53 1480 89 1501 ΙΠ-
106 1484 138 1502 2¹1.

43 2134 50 2141 “
69 2132 85 2152 I.
102 2132 150 2152 loli.

42 2158 79 2178 ΙΨ.
98 2162 128 2179 12.

750 172 791 194 Ex
817 170 921 194 OPERE
947 170 1072 194 CONTRA

195 247 263 282 que
281 234 531 282 dispensatoria
550 234 739 270 substantia
758 235 820 281 {de
839 235 935 269 caelo
952 234 1014 269 de-

196 294 356 328 scendet:
370 295 378 339 ]
399 306 502 340 quam
517 294 673 327 videntes
687 293 915 327 admiratione
934 304 1014 338 per-

154 349 156 351 *
197 351 281 385 culsi
309 357 400 384 sunt.
431 352 527 385 Ilane
548 362 667 396 reapse
694 351 814 385 oculus
840 350 944 387 vidit,
965 351 1011 384 uti

194 409 362 454 scriptum
377 415 427 442 est
442 409 466 441 '.
483 409 685 442 Sanctorum
704 409 794 441 enim
810 408 1013 454 angelorum

195 478 284 500 unus
310 465 514 499 mirantibus
541 467 605 499 ait:
631 480 646 496 «
669 467 732 499 viri
753 465 907 511 galilaei,
928 465 1013 510 quid

198 538 213 554 »
237 523 371 557 caelum
391 522 587 568 suspicitis?
607 523 670 556 Hie
693 523 785 556 lesus
804 523 863 568 qui
885 533 1013 556 assum-

197 594 213 610 »
236 586 315 625 ptus
340 586 389 613 est
409 591 426 613 a
446 579 565 617 vobis,
589 581 636 613 sic
655 581 768 613 veniet
787 579 1013 626 quemadmo-

197 652 211 667 n
236 637 320 671 dum
347 637 477 671 vidistis
503 649 582 671 eum
609 643 748 670 euntem
776 638 809 670 in
836 637 961 671 caelos.
994 651 1009 668 »

192 697 282 729 Num
297 696 421 729 dicturi
439 696 535 734 estis,
554 696 664 728 visum
680 706 753 728 esse.
767 694 810 728 ab
830 696 870 728 iis
888 695 1013 728 salien—

192 760 261 787 tem
282 753 324 786 ad
340 759 474 798 patrem
487 752 617 798 absque
636 753 762 786 carne?
777 752 811 786 id
832 759 882 786 est
902 752 1012 786 forma

192 816 309 844 nostra
328 810 548 855 indignanter
567 810 697 844 abiecta
709 837 716 849 ‚
733 811 800 844 iam
819 821 890 844 non
909 810 1012 844 fuisse

191 870 225 903 in
239 881 388 915 corpore
403 869 528 904 visibili
543 897 550 908 ,
569 870 717 916 ideoque
731 882 766 904 se
784 875 1012 904 commutasse

191 927 225 960 in
263 925 471 960 inuisibilem
506 927 877 973 incorruptibilemque
912 934 1013 961 natu—

191 983 288 1018 ram?
303 985 386 1024 Quis
397 1011 404 1023 ,
423 986 563 1030 inquam
575 1011 582 1023 ‚
599 984 682 1019 haec
696 985 811 1019 dicere
826 984 938 1019 ausit?
954 985 1011 1018 Sin

189 1047 308 1075 contra
329 1042 373 1075 ita
394 1049 561 1076 venturus
579 1048 649 1081 est,
668 1043 715 1076 uti
736 1041 887 1076 ascendit
902 1055 910 1080 ;
926 1042 1011 1086 quid

191 1099 225 1131 ni
245 1110 325 1132 vere
345 1098 496 1137 dicetur,
519 1112 596 1133 cum
617 1099 741 1133 eodem
762 1110 909 1145 corpore
928 1100 1012 1132 Ver-

190 1155 291 1192 bum.
310 1168 379 1189 non
395 1163 510 1190 autem
527 1158 561 1190 in
584 1163 705 1190 natura
722 1157 869 1202 simplici
884 1162 917 1190 et
933 1155 1011 1190 abs—

189 1225 257 1258 que
284 1225 402 1252 carne,
423 1226 495 1248 esse
520 1215 732 1248 renturum‘?

263 1301 320 1335 IX.
344 1301 442 1335 Idem
464 1300 616 1338 Cvrz'llus
633 1300 669 1334 in
691 1301 811 1335 eodem
831 1302 934 1336 libro.

259 1386 309 1419 De
329 1386 464 1419 Christo
485 1386 620 1431 scripsit
639 1386 908 1432 sapientissimus
921 1398 1010 1432 quo-

186 1454 254 1488 que
272 1444 397 1477 Paulus
418 1444 449 1476 ἐ
470 1457 485 1474 «
502 1443 561 1488 qui
582 1443 777 1476 immutabit
798 1456 925 1490 eorpus
945 1444 1009 1478 hu-

189 1515 205 1532 »
229 1501 383 1535 militatis
408 1507 547 1535 nostrae
563 1527 571 1539 ,
600 1507 637 1534 nt
662 1502 703 1535 sit
731 1502 842 1536 simile
868 1503 1008 1548 corpori

189 1573 204 1590 »
228 1558 371 1604 gloriae.
398 1574 413 1590 »
436 1557 526 1599 Quid
547 1558 589 1591 ad
610 1559 694 1592 haee
720 1559 834 1592 dicent
858 1559 927 1595 illi,
948 1560 1007 1604 qui

183 1627 325 1649 carnem
344 1622 511 1649 mutatam
532 1617 627 1649 aiunt
646 1616 682 1649 in
700 1615 804 1649 Verbi
827 1617 1008 1651 naturam?

182 1674 273 1706 Num
288 1679 487 1707 sanctorum
507 1685 656 1719 corpora
676 1673 755 1707 ideo
777 1680 955 1708 mutantur
974 1675 1008 1708 in

184 1730 319 1764 deitatis
336 1738 492 1765 naturam
505 1757 512 1768 .
529 1732 609 1776 quia
625 1732 697 1777 ipsa
713 1743 854 1777 quoque
869 1732 1009 1766 confor-

184 1789 253 1821 mia
273 1788 360 1822 siunt
380 1790 519 1834 corpori
534 1789 665 1834 gloriae
685 1790 779 1823 eius?
798 1791 921 1823 Nonne
937 1802 1008 1824 me-

186 1856 242 1878 rae
270 1857 390 1890 gerrae
416 1853 494 1880 sunt
522 1847 605 1880 haee
624 1859 747 1881 eorum
772 1847 898 1886 xerba,
919 1859 1007 1892 quae

187 1903 316 1935 inscitia
342 1902 495 1936 scatent?
523 1905 555 1936 Si
575 1916 655 1937 caro
682 1904 724 1937 ad
751 1904 886 1938 deitatis
905 1911 1006 1938 natu-

186 1970 278 1996 ram,
308 1965 343 1992 ut
371 1960 482 1997 aiunt,
503 1961 656 1998 transiit,
685 1972 838 2005 quonam
865 1961 1006 1994 demum

186 2017 220 2049 in
232 2028 379 2062 corpore
390 2018 480 2050 Deus
490 2016 643 2051 Verbum
654 2024 809 2051 versatur
817 2019 833 2051 :³
846 2019 901 2051 Est
915 2019 1006 2051 enim

185 2074 295 2107 deitas
324 2075 530 2120 incorporea
548 2102 555 2113 ,
584 2075 829 2120 verissimeque
861 2075 1007 2109 dicimus

186 2132 314 2164 nemini
342 2132 451 2165 Deum
477 2144 550 2166 esse
577 2133 804 2178 conspicuum
832 2133 856 2166 '.

261 2222 303 2254 X.
332 2220 431 2253 Idem
454 2219 604 2267 erz'llus
623 2220 660 2254 in
681 2221 800 2254 eodem
822 2219 925 2255 libro.

256 2304 319 2337 Sed
342 2304 486 2339 fortasse
506 2305 640 2344 dicent,
662 2317 798 2339 carnem
818 2306 909 2339 haud
931 2318 1004 2340 om-

183 2362 266 2394 nino
292 2360 518 2396 substantiam
538 2374 635 2396 suam
655 2364 825 2402 amisisse;
847 2364 906 2397 sed
926 2376 1005 2397 cum

1099 171 1322 195 srxrsmsns.
1815 159 1884 194 tto

1068 236 1139 270 Deo
1171 235 1287 270 Verbo
1323 243 1431 270 semet
1462 235 1704 269 conmiscuisse
1739 236 1886 270 naturali

1067 293 1216 338 quadam
1243 293 1464 328 adunatione.
1493 294 1566 339 Ego
1596 305 1680 327 vero
1706 294 1886 339 quomodo

1067 350 1119 384 his
1145 352 1349 385 occurram?
1370 352 1572 397 praesertim
1590 352 1670 397 quia
1694 351 1884 385 humanum

1067 408 1284 442 ratiocinium
1312 409 1347 441 in
1375 409 1425 442 his
1452 415 1586 455 torpet,
1609 420 1722 455 neque
1744 411 1886 456 propria

1067 471 1104 498 ut
1130 466 1175 499 ita
1202 466 1312 500 dicam
1338 467 1373 499 in
1400 467 1577 512 proxincia
1600 473 1768 501 versatur.
1797 469 1886 501 Nam

1066 522 1119 555 vel
1141 535 1221 557 caro
1240 523 1453 557 inmutabilis
1473 530 1540 562 est,
1561 524 1709 570 ideoque
1728 525 1763 558 in
1780 524 1885 559 Verbi

1528 607 1534 615 .
1556 608 1562 615 .
1581 581 1634 615 vel
1652 583 1686 615 in
1700 582 1734 615 id
1749 594 1887 628 semper

1067 644 1221 671 mutatur
1246 638 1341 683 quod
1363 645 1460 672 antea
1479 640 1550 684 ipsa
1573 650 1642 672 non
1669 646 1761 677 erat;
1780 651 1885 684 quam

1066 696 1292 728 mutationem
1312 696 1395 729 dum
1415 697 1561 741 patitur,
1581 695 1624 729 ab
1644 708 1682 730 ea
1702 696 1885 730 stabilitate

1066 752 1209 786 discedit
1236 764 1324 798 quae
1350 754 1459 787 Deum
1485 753 1600 792 decet,
1630 760 1732 798 atque
1758 754 1800 787 ab
1827 755 1886 788 illa

1065 821 1132 855 qua
1154 811 1355 844 naturaliter
1377 809 1557 844 fruebatur
1575 812 1768 846 securitate.
1793 813 1886 845 Tunc

1067 874 1182 901 autem
1207 879 1359 914 quonam
1386 869 1460 902 iure
1487 868 1594 902 hoino
1623 875 1736 914 posset
1765 869 1886 914 appel-

1066 925 1155 958 lar'i‘?
1172 926 1310 958 Interim
1325 926 1495 971 sapienter
1515 932 1675 970 recteque
1689 926 1885 959 existiman-

1066 982 1150 1016 dum
1174 982 1296 1020 credo,
1319 983 1450 1016 nullam
1471 993 1543 1016 reni
1564 990 1730 1021 creatam,
1751 983 1793 1017 ad
1814 983 1885 1017 dei-

1067 1042 1143 1074 tatis
1156 1052 1256 1086 posse
1270 1047 1427 1074 naturam
1443 1052 1607 1085 umquam
1620 1052 1815 1086 assurgere:
1830 1041 1863 1074 id
1875 1067 1883 1080 ,

1069 586 1226 614 naturam
1247 592 1315 613 non
1332 587 1484 615 mutatur
1501 608 1506 614 .

1064 1100 1228 1144 inquam,
1258 1099 1347 1132 inter
1376 1098 1602 1144 impossibilia
1629 1099 1885 1133 numerandum

1064 1162 1126 1191 est.
1149 1155 1250 1197 Quod
1270 1157 1296 1189 si
1313 1156 1347 1189 hi
1363 1155 1451 1189 forte
1470 1155 1593 1189 idonea
1613 1163 1814 1201 argumenta
1831 1168 1886 1189 re—

1064 1214 1217 1259 pererint
1232 1213 1273 1246 ad
1296 1210 1592 1258 persuadendum,
1610 1213 1685 1247 fore
1701 1220 1735 1247 ut
1755 1214 1790 1246 in
1805 1225 1884 1258 per-

1065 1271 1230 1304 mixtione
1245 1277 1447 1304 naturarum
1467 1276 1568 1315 atque
1582 1271 1787 1308 insertione,
1805 1282 1886 1315 pro-

1064 1329 1225 1374 prietates
1252 1329 1352 1362 unius
1379 1329 1424 1361 ita
1451 1335 1720 1366 conserventur,
1749 1335 1787 1361 ut
1814 1341 1884 1362 non

1063 1387 1362 1420 communicentur
1377 1386 1495 1423 alteri,
1512 1392 1718 1431 maneatque
1734 1386 1884 1432 perfecta

1063 1444 1277 1489 singularum
1304 1443 1480 1481 delinitio,
1502 1443 1554 1476 his
1573 1455 1654 1476 sane
1675 1446 1886 1490 argumentis

1064 1508 1221 1535 utantur:
1243 1508 1325 1535 tune
1343 1502 1436 1535 enim
1456 1513 1519 1535 nos
1539 1501 1784 1540 concedemus,
1806 1514 1886 1548 per-

1063 1561 1228 1593 mixtione
1248 1559 1465 1598 huinsmodi,
1486 1559 1580 1592 haud
1600 1570 1740 1609 omnem
1758 1561 1886 1594 verita-

1065 1618 1107 1650 tis
1125 1618 1194 1650 vim
1216 1618 1350 1662 perimi.
1377 1631 1392 1648 «
1417 1617 1462 1662 (l)
1482 1618 1728 1650 Verumtamen
1749 1618 1775 1650 si
1796 1618 1884 1652 forte

1067 1688 1082 1705 ›>
1105 1674 1238 1711 dicant,
1262 1686 1399 1708 carnem
1419 1680 1451 1707 et
1471 1673 1623 1707 Verbum
1643 1685 1684 1707 eo
1704 1674 1812 1708 modo
1830 1676 1884 1708 in-

1066 1746 1081 1763 »
1104 1738 1156 1765 ter
1171 1743 1204 1765 se
1219 1732 1324 1766 mixta
1339 1744 1409 1777 quo
1425 1731 1547 1777 liquidi
1565 1732 1730 1765 humores
1746 1733 1856 1766 solent
1873 1760 1880 1770 ,

1066 1802 1081 1819 »
1104 1789 1284 1834 quomodo
1297 1790 1475 1834 ignorant,
1487 1788 1617 1834 liquida
1633 1800 1721 1834 quae
1735 1790 1884 1823 invicem

1065 1859 1080 1877 »
1104 1852 1359 1890 temperantur,
1388 1847 1508 1879 vinum
1535 1853 1616 1892 puta
1644 1858 1682 1880 ae
1707 1847 1793 1883 mel.
1815 1848 1883 1881 iam

1066 1917 1080 1934 »
1104 1915 1173 1937 non
1202 1915 1287 1949 pura
1308 1916 1447 1937 manere
1473 1910 1510 1937 ut
1537 1910 1650 1942 erant,
1672 1904 1733 1938 sed
1753 1904 1883 1938 alienae

1065 1974 1080 1991 >›
1103 1961 1313 1995 substantiae
1332 1962 1590 2007 adsumptione,
1612 1963 1646 1995 in
1667 1962 1758 1996 aliud
1780 1963 1882 2008 quid-

1065 2032 1080 2050 »
1104 2019 1184 2052 dam
1203 2021 1448 2053 transmutari?
1469 2021 1500 2053 Si
1522 2032 1605 2065 ergo
1626 2021 1720 2053 aiunt
1741 2032 1883 2056 concre-

1064 2090 1080 2107 »
1103 2082 1173 2109 tam
1193 2076 1296 2110 fnisse
1316 2089 1393 2111 cnm
1414 2076 1528 2111 Verbo
1548 2089 1685 2111 carnem
1698 2103 1706 2115 ‚
1728 2089 1882 2111 necessa—

1064 2147 1079 2164 »
1103 2135 1155 2167 rio
1183 2146 1324 2179 prorsus
1344 2135 1528 2168 dicendum
1550 2141 1600 2168 est
1619 2141 1802 2180 utramque
1828 2135 1882 2168 di-

1064 2205 1079 2222 »
1103 2198 1234 2225 ctarum
1249 2203 1364 2225 rernm
1379 2204 1395 2225 a
1411 2204 1473 2225 suo
1487 2193 1603 2237 priore
1615 2199 1704 2226 statu
1716 2193 1883 2226 discessis-

1065 2263 1079 2279 »
1102 2261 1137 2283 se
1147 2271 1162 2287 ,-
1173 2249 1396 2294 mediumque
1412 2250 1540 2295 aliquid
1558 2262 1598 2283 ex
1614 2256 1758 2295 utraque
1770 2250 1883 2285 confe-

1063 2321 1078 2338 »
1101 2313 1194 2340 ctum
1205 2333 1212 2344 ,
1226 2307 1361 2341 dixersa
1376 2319 1518 2353 prorsus
1530 2314 1650 2341 natura
1666 2308 1860 2354 praeditum
1871 2334 1879 2344 ,

1063 2378 1077 2395 »
1101 2376 1205 2410 quam
1221 2371 1320 2398 antea
1336 2377 1389 2399 res
1404 2372 1550 2411 utraque
1567 2366 1739 2411 partiatim
1755 2371 1840 2399 erat.
1863 2380 1878 2395 »

264 2473 298 2502 ξι)
319 2471 484 2505 Sequentem
499 2472 594 2507 Cyrilli
615 2477 734 2507 partem,
751 2481 833 2508 quam
853 2475 932 2501 uncis
948 2473 1132 2506 includimus,
1151 2475 1218 2501 mire
1238 2476 1407 2502 conservavit
1426 2483 1521 2510 graece
1542 2475 1713 2502 Iustinianus
1732 2475 1880 2509 imperator

182 2516 210 2542 in
231 2514 386 2549 dogmatica
406 2514 439 2541 ad
461 2516 609 2543 monachos
630 2517 835 2552 monophysitas
855 2518 986 2553 epistola,
1007 2526 1089 2553 quam
1110 2527 1159 2546 nos
1180 2519 1261 2554 primi
1281 2519 1418 2546 edidimus
1437 2520 1535 2554 script.
1552 2524 1602 2546 vet.
1623 2520 1653 2545 T.
1671 2520 1731 2545 Vll.
1754 2518 1794 2545 lbi
1814 2527 1878 2553 ergo

181 2567 206 2594 pi
229 2562 288 2586 295⁴
312 2559 349 2585 ita
371 2559 481 2593 legitur.

604 2608 632 2633 'O
654 2608 677 2632 ἐν
697 2608 780 2642 οἶγίῡις
802 2610 923 2642 Raptam,-
944 2611 1010 2634 mm
1030 2612 1074 2634 τῶν
1096 2614 1281 2635 συνουσιαστῶν
1301 2613 1370 2645 λέγει
1393 2614 1459 2637 ταδε.

258 2652 289 2677 Es
305 2653 329 2677 ‘3³³
347 2652 377 2681 ai,-
394 2652 417 2677 ἐν
435 2653 502 2683 τάξει
520 2653 596 2688 ὑγρῶν
613 2653 791 2688 ἁναμῑμίχὲτιι
809 2656 885 2689 pao-iv
903 2655 1024 2685 ἀλληλοις
1045 2656 1128 2691 σάξκαι
1149 2657 1174 2681 τὲ
1196 2658 1237 2681 καὶ
1258 2657 1346 2690 λόγον,
1366 2658 1414 2686 πῶς
1430 2656 1557 2690 ἠγνόησαν
1574 2656 1660 2680 ersi-:i
1678 2654 1798 2684 ἀλλήλοις
1816 2655 1876 2679 οἰκι-

181 2699 314 2734 κιρνάαενα
335 2700 378 2723 τῶν
399 2699 489 2733 ω’γξῶν,
506 2697 570 2729 ἀἶνος
591 2700 649 2735 (pige
670 2699 747 2725 εἰπεῖν
769 2701 811 2725 καὶ
831 2704 902 2736 μελι,
920 2700 933 2727 ὃ
952 2703 996 2735 μὲν
1016 2701 1094 2733 ἦσαν,
1110 2702 1161 2727 εἰσί
1182 2702 1297 2738 καᾼὲκξῶς
1319 2702 1413 2733 οὐκέτι,
1432 2702 1579 2737 ngofftaixsssi
1598 2703 1621 2726 ἑὲ
1642 2703 1739 2735 μάλλῡν
1761 2704 1803 2731 τῆς
1823 2702 1877 2727 ἐτε-

179 2746 286 2780 ξεειέῡῦς
306 2746 450 2774 πςιότητῡς.
469 2743 504 2774 εἷς
525 2745 606 2779 ἐτεξόγ
628 2756 649 2770 τι
670 2744 842 2779 μεὲιῗῖτκτκι;
862 2745 946 2772 odae-J)
968 2747 989 2772 si
1011 2747 1201 2782 συγκεκρᾶσθαι
1224 2750 1287 2782 <cmi
1306 2751 1337 2782 τῷ
1353 2749 1418 2783 λόγῳ
1440 2749 1483 2775 τήν
1505 2748 1599 2782 ῑκὶξκει7
1617 2749 1688 2772 πᾶσαι
1708 2758 1757 2776 πως
1776 2747 1873 2781 ἀνάγκη

179 2790 261 2824 λέγειν
281 2790 396 2825 ἑκάτερῡγ
413 2790 456 2815 riu
473 2790 649 2825 ω’νῡμκσμένων
670 2790 809 2819 ἀποστῆναι
829 2793 875 2827 μὲν
896 2794 939 2818 τοῦ
955 2791 1015 2818 εἶναι
1034 2792 1046 2818 ὃ
1062 2792 1103 2825 ἦν,
1120 2794 1143 2819 ἓν

180 2838 285 2868 πάντως,
301 2836 316 2865 ἦ
338 2837 395 2871 ὅπερ
416 2836 444 2865 ἦν
466 2837 580 2872 s'zz'rsgw
602 2836 647 2863 :2⁷22
667 2838 751 2874 μέρος,

1160 2795 1186 2819 δέ
1202 2806 1223 2819 τι
1242 2795 1268 2820 τό
1285 2794 1377 2829 αἱμςεῑγ
1397 2793 1549 2819 ἀποτελέσαι
1569 2793 1663 2828 μέσον,
1680 2792 1810 2827 inemptae,-
1827 2803 1875 2819 που

1740 2897 1757 2904 ,-

1725 2897 1752 2920 51
