2219 3322
578 182 619 204 Ex
646 182 750 204 Limus
777 181 902 204 CONTRA
928 180 1097 203 monoltmt
1125 182 1163 204 ET
1189 182 1403 205 THEODORUM.

143 245 204 279 lud
228 257 296 279 non
313 245 517 291 possederit.
539 247 648 280 Porro
663 245 809 292 simplex
823 271 830 283 ‚
845 251 883 279 ut
901 245 966 283 ais,

143 309 213 341 est.
235 304 356 337 ceteris
381 303 542 337 carnibus
569 310 822 350 comparatum.

144 393 279 426 XXXV.
310 392 406 427 Idem
426 393 576 438 Cyrillus
600 393 692 439 apud
713 391 972 437 Severiapolo—

219 450 369 496 geticum
400 455 521 484 contra
554 450 724 483 lulianum
757 449 971 483 halicarnas-

220 519 373 547 semem,
395 508 429 540 in
454 507 572 541 codiee
598 519 668 553 syr.
691 514 759 541 vat.

220 592 439 637 Participavit
459 592 563 637 igitur
578 603 687 637 aeque
702 602 739 624 ac
755 602 818 624 nos
833 601 972 625 carnem

147 656 180 684 et
198 650 419 695 sanguinem,
437 656 473 683 ut
492 651 526 683 in
547 660 649 683 carne
668 661 729 683 sua
749 649 971 683 daemonium

146 713 365 753 oppugnaret
384 733 392 745 ,
421 718 533 752 eoque
566 706 751 752 profligato
769 732 777 743 ‚
811 705 972 739 mortalia

149 771 266 799 nostra
293 776 440 810 corpora
469 764 510 798 ad
538 765 835 798 immortalitatem
862 770 972 797 trans-

149 822 273 861 ferret,
291 823 443 867 iugoque
458 822 543 866 legis
556 820 792 860 subtraheret,
808 832 896 866 quae
911 820 972 854 acl-

147 890 268 913 versus
287 878 444 912 membra
463 879 576 912 carnis
594 877 847 923 praevaluerat.
870 876 972 910 Ilaud

149 936 248 970 aliter
280 937 386 970 x‘itam
417 942 635 981 mortemque
661 936 750 969 inter
775 946 811 969 se
837 934 972 981 proelio

148 994 365 1028 committere
390 1000 545 1040 poterat,
568 993 630 1026 nisi
658 992 796 1026 mortali
823 1003 972 1037 corpore

150 1064 231 1086 usus
245 1051 382 1086 fuisset:
400 1064 512 1097 neque
530 1051 758 1097 cupiditatum
774 1056 971 1084 nostrarum

147 1109 328 1143 stimulum
347 1109 556 1148 obtudisset,
575 1110 638 1143 nisi
654 1109 698 1143 de
718 1107 884 1153 figmento
899 1118 973 1141 nos-

149 1172 204 1201 tro
229 1178 356 1212 corpus
383 1167 594 1213 sumpsisset.

171 1247 219 1280 Ex
234 1245 333 1279 libris
348 1247 463 1280 Sexeri
481 1246 539 1279 adt
549 1257 645 1280 ersus
660 1245 833 1278 Iulianum
849 1243 951 1278 halie.

380 1305 416 1337 in
436 1304 554 1337 codice
574 1315 645 1349 syr.
667 1308 737 1336 vat.

236 1380 385 1413 XXXVI.
415 1379 515 1413 Idem
545 1379 697 1426 Cyrillus
723 1378 890 1411 adversus

455 1436 652 1470 Diodorum
660 1463 667 1469 .

224 1514 317 1547 Haec
336 1519 403 1551 est,
419 1524 447 1560 ο,
456 1519 573 1546 noster
589 1512 734 1550 sodalis,
752 1517 894 1545 naturae
908 1510 974 1544 hu-

152 1581 274 1604 manae
303 1569 482 1609 definifio,
511 1581 599 1615 quae
627 1570 752 1603 dicitur
784 1567 973 1602 substantia

152 1627 328 1666 animalis,
348 1627 543 1665 rationalis,
568 1633 670 1673 atque
695 1626 865 1661 mortalis.

229 1720 396 1753 XXXVII.
426 1719 527 1753 Idem
555 1719 708 1766 erillzzs
734 1718 902 1753 adversus

450 1776 681 1811 Theodorum.

227 1864 288 1897 Ille
316 1871 429 1897 autem
449 1876 510 1897 ore
530 1875 593 1898 suo
619 1863 780 1900 dilatato,
802 1869 836 1896 et
856 1862 975 1895 laxatis

155 1920 392 1966 blasphemiae
415 1921 575 1957 habenis.
597 1921 681 1954 dixit
703 1921 825 1954 Christi
846 1921 976 1966 imper-

157 1978 277 2011 fectam
303 1979 517 2011 sanctitatem
539 1978 657 2016 fuisse,
679 1988 790 2022 neque
809 1977 882 2010 eius
902 1976 976 2010 eul—

155 2046 235 2068 men
260 2036 410 2080 attigisse
437 2041 514 2068 ante
539 2046 644 2079 quam
669 2035 814 2079 Spiritus
841 2041 976 2068 sanctus

155 2091 220 2126 sub
240 2092 423 2126 columbae
442 2093 554 2138 specie
575 2093 608 2125 in
627 2102 706 2124 eum
729 2091 973 2126 descendisset.

154 2151 245 2191 Quid
272 2152 306 2185 ni
333 2158 447 2185 autem
476 2150 648 2197 perfectus
673 2151 770 2184 erat?
794 2151 892 2184 Certe
917 2151 977 2195 qui

155 2216 205 2243 est
224 2209 447 2255 imperfectus
459 2236 466 2247 ,
483 2215 622 2255 pecc-ato
638 2220 754 2243 carere
773 2208 910 2253 nequit:
927 2214 978 2242 et-

155 2269 248 2300 enim
267 2268 325 2312 qui
345 2279 412 2301 una
432 2268 466 2301 in
482 2273 578 2312 parte
597 2272 735 2300 sanctus
751 2265 903 2299 creditur
915 2291 922 2303 ‚
942 2266 977 2298 in

157 2324 221 2358 alia
241 2324 401 2358 infirmus
420 2331 573 2370 putatur.
594 2323 734 2369 Alioqui
752 2324 896 2368 quinam
914 2324 977 2357 iste

157 2381 310 2415 defectus
323 2388 413 2420 erat,
426 2393 532 2427 quem
545 2382 576 2414 ei
590 2382 735 2426 Spiritus
745 2387 881 2415 sanctus
895 2392 977 2426 sup-

157 2440 263 2485 plevit
275 2465 282 2477 ,
300 2445 337 2472 ut
356 2434 462 2473 altera
481 2450 622 2484 quoque
636 2450 716 2484 pars
731 2438 880 2484 perfecta
897 2449 978 2471 eva-

157 2496 278 2534 deret,
304 2503 406 2542 atque
432 2495 562 2529 diaboli
589 2496 757 2541 impetum
783 2495 974 2540 frangeret,

158 2561 195 2587 ut
218 2553 434 2587 adversarius
453 2553 603 2587 adserit?
624 2555 731 2587 Porro
751 2565 822 2587 non
841 2559 977 2586 sanctus

157 2611 401 2646 tantummodo
411 2637 418 2650 ‚
429 2618 462 2644 et
473 2611 615 2656 quidem
627 2611 874 2656 perfectissime
885 2617 957 2644 erat
966 2637 974 2648 ,

157 2681 279 2704 verum
306 2670 409 2703 etiam
435 2669 538 2715 plena
568 2669 721 2715 potentia
746 2670 774 2702 is
801 2669 977 2714 praeditus

157 2734 230 2761 erat
242 2754 250 2767 ‚
268 2728 327 2773 qui
347 2727 487 2761 dolores
506 2733 608 2771 atque
627 2737 732 2759 omne
751 2737 860 2771 genus
879 2725 979 2759 infir·-

158 2786 285 2819 mitatis
304 2784 457 2819 sanabat.
486 2804 508 2810 —
535 2785 649 2824 Quum
669 2785 759 2817 Deus
778 2789 898 2829 suapte
917 2795 979 2818 na-

158 2848 235 2878 tura
260 2849 365 2882 esset,
385 2853 556 2888 verusque
575 2842 635 2875 Dei
656 2842 762 2888 patris
782 2840 891 2880 filius,
912 2841 979 2875 hu-

1771 168 1839 201 1455

1024 257 1161 281 manam
1187 246 1336 280 formam
1362 245 1425 279 sibi
1450 244 1579 283 induit,
1601 255 1696 278 suam
1719 242 1844 277 faciens

1025 314 1162 337 carnem
1177 304 1273 337 illam
1291 316 1397 349 qnam
1411 303 1454 337 de
1469 308 1583 336 sancta
1597 295 1736 345 Virgine
1751 312 1846 335 sum-

1026 361 1112 406 psit,
1134 372 1222 406 quae
1249 361 1406 406 profecto
1433 372 1512 394 earo
1539 360 1598 393 Dei
1625 365 1692 397 est,
1721 365 1755 392 et
1781 370 1845 404 po-

1026 424 1144 451 testate
1164 418 1280 452 divina
1301 418 1449 464 pollens.
1472 418 1604 451 ldcirco
1622 417 1776 450 Christus
1794 417 1845 449 xi—

1025 474 1167 509 xificans
1185 487 1325 521 quoqne
1345 476 1425 514 fuit,
1443 482 1474 509 ct
1494 474 1734 509 infirmitatum
1750 485 1845 508 sana-

1026 539 1098 572 tor,
1122 535 1312 580 mortisque
1338 535 1545 568 destructor.

1110 623 1260 656 XXVIII.
1290 623 1389 656 Idem
1418 622 1569 657 Cvrillus
1596 621 1763 655 adversus

1329 679 1525 713 Diodorum
1533 705 1539 713 .

1099 764 1214 798 Audes
1229 765 1331 797 etiam
1349 762 1516 797 herilibus
1537 763 1657 796 formis
1678 762 1776 796 illum
1796 764 1846 796 in-

1026 821 1151 859 duere,
1175 822 1252 867 qui,
1276 829 1313 855 ut
1332 823 1378 855 ais
1391 847 1398 859 ,
1417 821 1523 855 homo
1542 826 1593 854 est
1612 821 1654 854 de
1673 821 1796 858 Maria,
1814 827 1846 853 et

1026 880 1085 925 qui
1106 880 1204 913 initio
1223 891 1241 913 a
1261 879 1362 912 nohis
1382 878 1578 912 nullatenus
1598 878 1754 911 diversus
1773 884 1846 923 erat

1027 944 1085 971 aut
1110 939 1287 983 superior,
1310 937 1370 971 sed
1399 943 1515 982 postea
1535 936 1646 970 multo
1666 937 1847 970 conamine

1028 994 1089 1029 filii
1117 1006 1245 1029 nomen
1266 995 1483 1040 gloriamque
1502 995 1655 1028 (lixinam
1676 995 1848 1040 promeri-

1028 1059 1082 1086 tus
1101 1060 1168 1091 cst,
1186 1059 1303 1098 postea
1322 1064 1426 1097 quam
1444 1052 1569 1085 scilicet
1587 1053 1629 1085 (le
1644 1059 1763 1085 ventre
1777 1053 1848 1085 exi-

1027 1116 1114 1144 erat.
1144 1111 1252 1155 lgitur
1277 1110 1368 1148 duo,
1391 1117 1423 1143 te
1450 1116 1628 1147 censente,
1654 1116 1731 1143 sunt
1760 1109 1845 1148 filii;

1027 1178 1208 1213 novusque
1227 1168 1316 1201 Deus
1336 1175 1384 1202 est
1404 1168 1575 1205 Christus,
1591 1169 1649 1213 qui
1668 1179 1684 1201 a
1700 1169 1772 1200 Deo
1791 1179 1848 1201 su-

1028 1226 1238 1271 pernaturali
1258 1226 1391 1260 honore
1407 1226 1560 1260 adfectus
1574 1233 1623 1260 est
1636 1252 1643 1263 ,
1660 1227 1768 1271 magis
1787 1226 1849 1259 ali-

1027 1290 1158 1328 quanto
1185 1295 1290 1329 quam
1310 1284 1464 1330 reliquae
1491 1291 1687 1321 creaturam
1710 1290 1745 1317 ut
1770 1295 1848 1317 cnm

1029 1341 1175 1386 simplici
1192 1341 1330 1375 homine
1345 1342 1511 1375 adoretur
1527 1343 1553 1375 is
1569 1342 1628 1386 qui
1643 1341 1740 1387 lapsu
1762 1347 1849 1374 tem-

1029 1400 1142 1444 poris,
1167 1411 1229 1433 nec
1255 1400 1318 1433 nisi
1339 1399 1403 1433 sub
1426 1399 1530 1433 finem
1557 1400 1702 1445 gloriam
1731 1411 1849 1445 posse-

1029 1456 1103 1494 dit,
1134 1456 1311 1502 factusque
1338 1464 1387 1491 est
1413 1458 1584 1491 Trinitatis
1613 1457 1850 1504 complemen-

1030 1520 1121 1554 tum,
1142 1518 1264 1559 natura
1291 1515 1455 1561 aequalis.

1111 1586 1264 1636 XXXIX.
1294 1603 1393 1636 Idem
1423 1604 1572 1650 Fyrz'llus
1598 1604 1764 1638 adversus

1334 1662 1545 1695 Diodorum.

1102 1747 1258 1791 Namque
1284 1753 1321 1779 ut
1348 1758 1467 1792 passus
1494 1747 1633 1781 clnlorcs
1662 1749 1693 1780 in
1722 1759 1848 1788 carne,

1031 1805 1256 1838 nihilominus
1275 1805 1309 1837 in
1330 1816 1410 1837 suae
1429 1805 1564 1839 ‹lcilatis
1584 1812 1704 1839 natura
1725 1807 1850 1851 impas-

1031 1862 1140 1895 sibilis
1166 1864 1310 1901 mansit;
1332 1863 1377 1896 sic
1398 1864 1471 1901 aio,
1492 1869 1524 1897 ct
1551 1863 1635 1897 (lum
1662 1871 1826 1898 cresceret
1840 1890 1848 1901 ,

1031 1920 1224 1965 perfectum
1239 1921 1383 1954 omnino
1404 1921 1519 1955 fuisse.
1537 1922 1574 1954 131
1591 1933 1669 1955 cum
1685 1923 1850 1967 sapientia

1032 1979 1147 2023 augeri
1163 1977 1369 2012 credebatur
1382 2005 1389 2015 ,
1408 1985 1488 2012 tunc
1501 1980 1574 2024 ipse
1587 1979 1786 2013 redundans
1800 1991 1850 2013 sa-

1031 2035 1180 2080 pientiae
1200 2035 1277 2068 fons
1296 2042 1386 2075 crat,
1409 2048 1426 2070 a
1445 2048 1515 2081 quo
1535 2037 1638 2069 ceteri
1658 2048 1779 2070 omnes
1799 2047 1852 2070 sa-

1032 2092 1196 2137 pientiam
1223 2093 1400 2127 hauriunt.

1033 2191 1079 2224 Ex
1099 2189 1219 2224 iisdem
1241 2191 1353 2224 Severi
1374 2190 1472 2225 libris
1497 2191 1555 2225 adi
1565 2204 1660 2225 ersus
1680 2192 1852 2226 Iulianum

1295 2248 1634 2283 halicarnassensem.

1031 2346 1101 2379 XL.
1133 2345 1284 2393 erz'llus
1309 2345 1345 2379 in
1371 2346 1587 2379 [ructatibus
1613 2346 1739 2392 quibus
1758 2348 1853 2380 Hal-

1105 2403 1249 2437 thaeum
1280 2404 1514 2450 explanavit,
1547 2404 1589 2437 (le
1620 2405 1720 2438 Petri
1750 2416 1849 2437 som!

1104 2461 1246 2508 eiusque
1270 2461 1457 2495 sanatione
1483 2462 1637 2507 loq-nens.

1104 2556 1239 2589 Etenim
1250 2546 1429 2589 sanitatem
1446 2554 1563 2588 tribuit
1580 2555 1627 2587 uti
1646 2555 1750 2591 Dens,
1766 2553 1850 2586 (lum

1032 2614 1153 2647 iacenti
1170 2613 1219 2646 illi
1236 2624 1358 2646 manus
1377 2624 1457 2646 snae
1477 2617 1689 2645 contractum
1710 2610 1852 2655 largitus

1032 2677 1095 2704 est.
1124 2671 1192 2704 Cur
1218 2670 1274 2708 id,
1294 2671 1460 2716 inquam?
1486 2671 1616 2714 Nempe
1642 2674 1677 2701 ut
1705 2668 1851 2701 demon-

1032 2734 1174 2767 straret,
1195 2740 1322 2774 corpus
1348 2739 1448 2761 suum
1468 2727 1540 2772 pari
1563 2722 1600 2759 ac
1620 2732 1777 2758 naturam
1798 2725 1852 2758 di-

1032 2786 1148 2820 vinam
1159 2792 1327 2832 potestate
1340 2784 1533 2831 praeditum
1547 2795 1618 2817 csse
1630 2782 1786 2816 infirmos
1797 2794 1850 2815 sa-

1032 2843 1149 2877 nandi.
1179 2844 1314 2889 Quippe
1334 2841 1421 2875 illud
1441 2852 1567 2886 corpus
1588 2839 1680 2873 haud
1700 2839 1849 2873 hominis
