<?xml version="1.0" encoding="UTF-8"?>
<!DOCTYPE html PUBLIC "-//W3C//DTD XHTML 1.0 Transitional//EN"
    "http://www.w3.org/TR/xhtml1/DTD/xhtml1-transitional.dtd">
<html xmlns="http://www.w3.org/1999/xhtml" xml:lang="en" lang="en">
 <head>
  <title>
</title>
<meta http-equiv="Content-Type" content="text/html;charset=utf-8" />
  <meta name='ocr-system' content='tesseract 3.04.00' />
  <meta name='ocr-capabilities' content='ocr_page ocr_carea ocr_par ocr_line ocrx_word'/>
</head>
<body>
  <div class='ocr_page' id='page_1' title='image "./novaepatrumbibli02maiauoft/novaepatrumbibli02maiauoft_0606.png"; bbox 0 0 2219 3322; ppageno 0'>
   <div class='ocr_carea' id='block_1_1' title="bbox 349 181 417 216">
    <p class='ocr_par' dir='ltr' id='par_1_1' title="bbox 349 181 417 216">
     <span class='ocr_line' id='line_1_1' title="bbox 349 181 417 216; baseline 0 -1"><span class='ocrx_word' id='word_1_1' title='bbox 349 181 417 216; x_wconf 69' lang='lat'>588</span> 
     </span>
    </p>
   </div>
   <div class='ocr_carea' id='block_1_2' title="bbox 337 257 1166 2486">
    <p class='ocr_par' dir='ltr' id='par_1_2' title="bbox 342 257 1166 1053">
     <span class='ocr_line' id='line_1_2' title="bbox 347 257 1166 305; baseline 0 -13"><span class='ocrx_word' id='word_1_2' title='bbox 347 259 492 293; x_wconf 73' lang='lat' dir='ltr'>callidus</span> <span class='ocrx_word' id='word_1_3' title='bbox 518 269 659 305; x_wconf 83' lang='lat' dir='ltr'>serpens</span> <span class='ocrx_word' id='word_1_4' title='bbox 691 257 832 292; x_wconf 80' lang='lat' dir='ltr'>noxium</span> <span class='ocrx_word' id='word_1_5' title='bbox 863 267 1037 291; x_wconf 72' lang='lat' dir='ltr'>venenum</span> <span class='ocrx_word' id='word_1_6' title='bbox 1063 268 1166 292; x_wconf 92' lang='lat' dir='ltr'>suum</span> 
     </span>
     <span class='ocr_line' id='line_1_3' title="bbox 347 313 1166 361; baseline -0.001 -12"><span class='ocrx_word' id='word_1_7' title='bbox 347 328 488 350; x_wconf 62' lang='lat' dir='ltr'>vomere</span> <span class='ocrx_word' id='word_1_8' title='bbox 514 322 662 361; x_wconf 86' lang='lat' dir='ltr'>satagat,</span> <span class='ocrx_word' id='word_1_9' title='bbox 686 313 914 359; x_wconf 81' lang='lat' dir='ltr'>fraudemque</span> <span class='ocrx_word' id='word_1_10' title='bbox 939 313 1005 348; x_wconf 90' lang='lat' dir='ltr'>sub</span> <span class='ocrx_word' id='word_1_11' title='bbox 1031 315 1166 360; x_wconf 85' lang='lat' dir='ltr'>pictatis</span> 
     </span>
     <span class='ocr_line' id='line_1_4' title="bbox 346 371 1165 420; baseline -0.004 -12"><span class='ocrx_word' id='word_1_12' title='bbox 346 376 458 420; x_wconf 73' lang='lat' dir='ltr'>specie</span> <span class='ocrx_word' id='word_1_13' title='bbox 483 374 666 419; x_wconf 85' lang='lat' dir='ltr'>inspirare,</span> <span class='ocrx_word' id='word_1_14' title='bbox 688 378 793 418; x_wconf 88' lang='lat' dir='ltr'>prout</span> <span class='ocrx_word' id='word_1_15' title='bbox 819 372 940 417; x_wconf 88' lang='lat' dir='ltr'>primis</span> <span class='ocrx_word' id='word_1_16' title='bbox 964 371 1165 417; x_wconf 86' lang='lat' dir='ltr'>parentibus</span> 
     </span>
     <span class='ocr_line' id='line_1_5' title="bbox 346 428 1165 477; baseline -0.004 -11"><span class='ocrx_word' id='word_1_17' title='bbox 346 432 421 466; x_wconf 82' lang='lat' dir='ltr'>fecit</span> <span class='ocrx_word' id='word_1_18' title='bbox 434 459 441 471; x_wconf 88' lang='lat'>,</span> <span class='ocrx_word' id='word_1_19' title='bbox 464 443 552 477; x_wconf 81' lang='lat' dir='ltr'>quos</span> <span class='ocrx_word' id='word_1_20' title='bbox 569 432 641 464; x_wconf 84' lang='lat' dir='ltr'>Deo</span> <span class='ocrx_word' id='word_1_21' title='bbox 661 429 787 463; x_wconf 78' lang='lat' dir='ltr'>similes</span> <span class='ocrx_word' id='word_1_22' title='bbox 808 429 882 463; x_wconf 78' lang='lat' dir='ltr'>sore</span> <span class='ocrx_word' id='word_1_23' title='bbox 902 428 1116 475; x_wconf 75' lang='lat' dir='ltr'>spondebat:</span> <span class='ocrx_word' id='word_1_24' title='bbox 1138 431 1165 463; x_wconf 89' lang='lat' dir='ltr'>is</span> 
     </span>
     <span class='ocr_line' id='line_1_6' title="bbox 346 486 1165 532; baseline -0.002 -9"><span class='ocrx_word' id='word_1_25' title='bbox 346 490 572 523; x_wconf 70' lang='lat' dir='ltr'>nihilominus</span> <span class='ocrx_word' id='word_1_26' title='bbox 592 487 635 521; x_wconf 90' lang='lat' dir='ltr'>ab</span> <span class='ocrx_word' id='word_1_27' title='bbox 655 499 696 521; x_wconf 92' lang='lat' dir='ltr'>eo</span> <span class='ocrx_word' id='word_1_28' title='bbox 718 488 777 532; x_wconf 87' lang='lat' dir='ltr'>qui</span> <span class='ocrx_word' id='word_1_29' title='bbox 805 486 1005 520; x_wconf 80' lang='lat' dir='ltr'>flammeum</span> <span class='ocrx_word' id='word_1_30' title='bbox 1024 486 1072 520; x_wconf 90' lang='lat' dir='ltr'>ibi</span> <span class='ocrx_word' id='word_1_31' title='bbox 1091 487 1165 532; x_wconf 80' lang='lat' dir='ltr'>gla-</span> 
     </span>
     <span class='ocr_line' id='line_1_7' title="bbox 345 543 1164 591; baseline -0.005 -10"><span class='ocrx_word' id='word_1_32' title='bbox 345 549 441 581; x_wconf 88' lang='lat' dir='ltr'>dium</span> <span class='ocrx_word' id='word_1_33' title='bbox 463 551 569 584; x_wconf 87' lang='lat' dir='ltr'>rotat,</span> <span class='ocrx_word' id='word_1_34' title='bbox 587 545 795 591; x_wconf 78' lang='lat' dir='ltr'>depelletur.</span> <span class='ocrx_word' id='word_1_35' title='bbox 813 545 949 590; x_wconf 81' lang='lat' dir='ltr'>Quippe</span> <span class='ocrx_word' id='word_1_36' title='bbox 968 543 1035 578; x_wconf 87' lang='lat' dir='ltr'>hoc</span> <span class='ocrx_word' id='word_1_37' title='bbox 1055 555 1072 578; x_wconf 93' lang='lat' dir='ltr'>a</span> <span class='ocrx_word' id='word_1_38' title='bbox 1092 546 1164 578; x_wconf 88' lang='lat' dir='ltr'>Deo</span> 
     </span>
     <span class='ocr_line' id='line_1_8' title="bbox 344 600 1164 639; baseline -0.004 -2"><span class='ocrx_word' id='word_1_39' title='bbox 344 603 552 638; x_wconf 73' lang='lat' dir='ltr'>beneficium</span> <span class='ocrx_word' id='word_1_40' title='bbox 566 603 732 637; x_wconf 81' lang='lat' dir='ltr'>ministris</span> <span class='ocrx_word' id='word_1_41' title='bbox 747 603 816 635; x_wconf 90' lang='lat' dir='ltr'>suis</span> <span class='ocrx_word' id='word_1_42' title='bbox 831 600 1050 639; x_wconf 77' lang='lat' dir='ltr'>conceditur,</span> <span class='ocrx_word' id='word_1_43' title='bbox 1067 602 1164 635; x_wconf 86' lang='lat' dir='ltr'>cuius</span> 
     </span>
     <span class='ocr_line' id='line_1_9' title="bbox 344 659 1164 708; baseline -0.001 -15"><span class='ocrx_word' id='word_1_44' title='bbox 344 675 410 708; x_wconf 59' lang='lat' dir='ltr'>«ipe</span> <span class='ocrx_word' id='word_1_45' title='bbox 437 661 606 695; x_wconf 77' lang='lat' dir='ltr'>calliditas</span> <span class='ocrx_word' id='word_1_46' title='bbox 625 661 794 706; x_wconf 85' lang='lat' dir='ltr'>serpentis</span> <span class='ocrx_word' id='word_1_47' title='bbox 820 659 1038 704; x_wconf 78' lang='lat' dir='ltr'>infringitur,</span> <span class='ocrx_word' id='word_1_48' title='bbox 1062 665 1164 705; x_wconf 89' lang='lat' dir='ltr'>atque</span> 
     </span>
     <span class='ocr_line' id='line_1_10' title="bbox 345 716 1163 765; baseline -0.004 -12"><span class='ocrx_word' id='word_1_49' title='bbox 345 719 632 765; x_wconf 79' lang='lat' dir='ltr'>impedimentum</span> <span class='ocrx_word' id='word_1_50' title='bbox 660 718 816 755; x_wconf 82' lang='lat' dir='ltr'>tollitur,</span> <span class='ocrx_word' id='word_1_51' title='bbox 837 718 864 751; x_wconf 88' lang='lat' dir='ltr'>si</span> <span class='ocrx_word' id='word_1_52' title='bbox 890 718 968 763; x_wconf 91' lang='lat' dir='ltr'>quis</span> <span class='ocrx_word' id='word_1_53' title='bbox 993 718 1066 751; x_wconf 91' lang='lat' dir='ltr'>eius</span> <span class='ocrx_word' id='word_1_54' title='bbox 1092 716 1163 751; x_wconf 90' lang='lat' dir='ltr'>fru—</span> 
     </span>
     <span class='ocr_line' id='line_1_11' title="bbox 344 773 1163 822; baseline -0.004 -12"><span class='ocrx_word' id='word_1_55' title='bbox 344 784 416 810; x_wconf 74' lang='lat' dir='ltr'>ctus</span> <span class='ocrx_word' id='word_1_56' title='bbox 436 775 596 822; x_wconf 68' lang='lat' dir='ltr'>gustandi</span> <span class='ocrx_word' id='word_1_57' title='bbox 616 775 762 821; x_wconf 89' lang='lat' dir='ltr'>cupidus</span> <span class='ocrx_word' id='word_1_58' title='bbox 782 775 884 808; x_wconf 88' lang='lat' dir='ltr'>suerit</span> <span class='ocrx_word' id='word_1_59' title='bbox 897 801 904 813; x_wconf 85' lang='lat'>,</span> <span class='ocrx_word' id='word_1_60' title='bbox 921 775 981 820; x_wconf 89' lang='lat' dir='ltr'>qui</span> <span class='ocrx_word' id='word_1_61' title='bbox 1000 773 1163 808; x_wconf 83' lang='lat' dir='ltr'>fidelibus</span> 
     </span>
     <span class='ocr_line' id='line_1_12' title="bbox 343 832 1163 879; baseline -0.005 -10"><span class='ocrx_word' id='word_1_62' title='bbox 343 841 539 869; x_wconf 73' lang='lat' dir='ltr'>reservatur</span> <span class='ocrx_word' id='word_1_63' title='bbox 562 840 600 868; x_wconf 89' lang='lat' dir='ltr'>ut</span> <span class='ocrx_word' id='word_1_64' title='bbox 625 845 667 867; x_wconf 89' lang='lat' dir='ltr'>eo</span> <span class='ocrx_word' id='word_1_65' title='bbox 691 834 831 879; x_wconf 81' lang='lat' dir='ltr'>copiose</span> <span class='ocrx_word' id='word_1_66' title='bbox 858 832 1034 870; x_wconf 84' lang='lat' dir='ltr'>fruantur;</span> <span class='ocrx_word' id='word_1_67' title='bbox 1055 832 1163 866; x_wconf 92' lang='lat' dir='ltr'>modo</span> 
     </span>
     <span class='ocr_line' id='line_1_13' title="bbox 342 889 1163 928; baseline -0.004 -2"><span class='ocrx_word' id='word_1_68' title='bbox 342 904 484 926; x_wconf 88' lang='lat' dir='ltr'>manum</span> <span class='ocrx_word' id='word_1_69' title='bbox 502 893 532 925; x_wconf 90' lang='lat' dir='ltr'>ei</span> <span class='ocrx_word' id='word_1_70' title='bbox 552 890 734 925; x_wconf 89' lang='lat' dir='ltr'>intendere</span> <span class='ocrx_word' id='word_1_71' title='bbox 760 890 884 928; x_wconf 81' lang='lat' dir='ltr'>velint,</span> <span class='ocrx_word' id='word_1_72' title='bbox 907 889 943 922; x_wconf 92' lang='lat' dir='ltr'>id</span> <span class='ocrx_word' id='word_1_73' title='bbox 962 895 1014 924; x_wconf 88' lang='lat' dir='ltr'>est</span> <span class='ocrx_word' id='word_1_74' title='bbox 1032 890 1163 924; x_wconf 88' lang='lat' dir='ltr'>sincere</span> 
     </span>
     <span class='ocr_line' id='line_1_14' title="bbox 343 948 1162 992; baseline -0.005 -8"><span class='ocrx_word' id='word_1_75' title='bbox 343 957 374 984; x_wconf 87' lang='lat' dir='ltr'>et</span> <span class='ocrx_word' id='word_1_76' title='bbox 395 950 494 983; x_wconf 74' lang='lat' dir='ltr'>enixe</span> <span class='ocrx_word' id='word_1_77' title='bbox 512 960 631 983; x_wconf 59' lang='lat' dir='ltr'>veram</span> <span class='ocrx_word' id='word_1_78' title='bbox 652 948 829 982; x_wconf 82' lang='lat' dir='ltr'>seientiam</span> <span class='ocrx_word' id='word_1_79' title='bbox 854 958 1038 992; x_wconf 85' lang='lat' dir='ltr'>quaerere,</span> <span class='ocrx_word' id='word_1_80' title='bbox 1058 957 1162 992; x_wconf 90' lang='lat' dir='ltr'>quam</span> 
     </span>
     <span class='ocr_line' id='line_1_15' title="bbox 343 1004 958 1053; baseline -0.005 -12"><span class='ocrx_word' id='word_1_81' title='bbox 343 1008 498 1053; x_wconf 77' lang='lat' dir='ltr'>quisquis</span> <span class='ocrx_word' id='word_1_82' title='bbox 524 1007 743 1051; x_wconf 82' lang='lat' dir='ltr'>adsequitur,</span> <span class='ocrx_word' id='word_1_83' title='bbox 766 1005 882 1039; x_wconf 68' lang='lat' dir='ltr'>salvus</span> <span class='ocrx_word' id='word_1_84' title='bbox 906 1004 958 1038; x_wconf 86' lang='lat' dir='ltr'>fit.</span> 
     </span>
    </p>

    <p class='ocr_par' dir='ltr' id='par_1_3' title="bbox 340 1061 1163 1798">
     <span class='ocr_line' id='line_1_16' title="bbox 415 1061 1163 1109; baseline -0.005 -10"><span class='ocrx_word' id='word_1_85' title='bbox 415 1067 448 1099; x_wconf 63' lang='lat' dir='ltr'>ft.</span> <span class='ocrx_word' id='word_1_86' title='bbox 478 1066 548 1099; x_wconf 84' lang='lat' dir='ltr'>Nos</span> <span class='ocrx_word' id='word_1_87' title='bbox 568 1065 684 1109; x_wconf 88' lang='lat' dir='ltr'>itaque</span> <span class='ocrx_word' id='word_1_88' title='bbox 703 1063 787 1097; x_wconf 90' lang='lat' dir='ltr'>dum</span> <span class='ocrx_word' id='word_1_89' title='bbox 806 1063 878 1096; x_wconf 86' lang='lat' dir='ltr'>Deo</span> <span class='ocrx_word' id='word_1_90' title='bbox 898 1073 1017 1108; x_wconf 82' lang='lat' dir='ltr'>preces</span> <span class='ocrx_word' id='word_1_91' title='bbox 1035 1061 1163 1096; x_wconf 77' lang='lat' dir='ltr'>offerre</span> 
     </span>
     <span class='ocr_line' id='line_1_17' title="bbox 343 1118 1162 1165; baseline -0.005 -9"><span class='ocrx_word' id='word_1_92' title='bbox 343 1135 412 1157; x_wconf 82' lang='lat' dir='ltr'>non</span> <span class='ocrx_word' id='word_1_93' title='bbox 428 1121 617 1156; x_wconf 83' lang='lat' dir='ltr'>desinimus</span> <span class='ocrx_word' id='word_1_94' title='bbox 628 1146 636 1159; x_wconf 93' lang='lat'>‚</span> <span class='ocrx_word' id='word_1_95' title='bbox 654 1121 718 1155; x_wconf 90' lang='lat' dir='ltr'>sub</span> <span class='ocrx_word' id='word_1_96' title='bbox 732 1120 834 1154; x_wconf 84' lang='lat' dir='ltr'>huius</span> <span class='ocrx_word' id='word_1_97' title='bbox 849 1120 1013 1165; x_wconf 78' lang='lat' dir='ltr'>mysticae</span> <span class='ocrx_word' id='word_1_98' title='bbox 1028 1118 1162 1153; x_wconf 85' lang='lat' dir='ltr'>arboris</span> 
     </span>
     <span class='ocr_line' id='line_1_18' title="bbox 342 1177 1162 1223; baseline -0.006 -9"><span class='ocrx_word' id='word_1_99' title='bbox 342 1180 466 1214; x_wconf 83' lang='lat' dir='ltr'>umbra</span> <span class='ocrx_word' id='word_1_100' title='bbox 486 1181 596 1214; x_wconf 88' lang='lat' dir='ltr'>iacere</span> <span class='ocrx_word' id='word_1_101' title='bbox 609 1190 769 1213; x_wconf 76' lang='lat' dir='ltr'>curamus</span> <span class='ocrx_word' id='word_1_102' title='bbox 785 1177 849 1223; x_wconf 76' lang='lat' dir='ltr'>(t),</span> <span class='ocrx_word' id='word_1_103' title='bbox 865 1177 1007 1222; x_wconf 86' lang='lat' dir='ltr'>eiusque</span> <span class='ocrx_word' id='word_1_104' title='bbox 1026 1187 1162 1222; x_wconf 87' lang='lat' dir='ltr'>semper</span> 
     </span>
     <span class='ocr_line' id='line_1_19' title="bbox 342 1232 1162 1283; baseline -0.007 -11"><span class='ocrx_word' id='word_1_105' title='bbox 342 1239 474 1273; x_wconf 85' lang='lat' dir='ltr'>fructus</span> <span class='ocrx_word' id='word_1_106' title='bbox 493 1237 675 1283; x_wconf 81' lang='lat' dir='ltr'>colligere,</span> <span class='ocrx_word' id='word_1_107' title='bbox 697 1242 735 1269; x_wconf 87' lang='lat' dir='ltr'>ut</span> <span class='ocrx_word' id='word_1_108' title='bbox 755 1247 814 1269; x_wconf 89' lang='lat' dir='ltr'>eos</span> <span class='ocrx_word' id='word_1_109' title='bbox 831 1245 903 1268; x_wconf 91' lang='lat' dir='ltr'>non</span> <span class='ocrx_word' id='word_1_110' title='bbox 921 1232 1162 1279; x_wconf 88' lang='lat' dir='ltr'>praesentibus</span> 
     </span>
     <span class='ocr_line' id='line_1_20' title="bbox 343 1290 1162 1337; baseline -0.006 -8"><span class='ocrx_word' id='word_1_111' title='bbox 343 1303 493 1329; x_wconf 83' lang='lat' dir='ltr'>tantum.</span> <span class='ocrx_word' id='word_1_112' title='bbox 514 1305 637 1328; x_wconf 74' lang='lat' dir='ltr'>verum</span> <span class='ocrx_word' id='word_1_113' title='bbox 655 1294 759 1327; x_wconf 88' lang='lat' dir='ltr'>etiam</span> <span class='ocrx_word' id='word_1_114' title='bbox 779 1290 978 1325; x_wconf 85' lang='lat' dir='ltr'>absentibus</span> <span class='ocrx_word' id='word_1_115' title='bbox 996 1291 1162 1337; x_wconf 88' lang='lat' dir='ltr'>suppedi-</span> 
     </span>
     <span class='ocr_line' id='line_1_21' title="bbox 342 1349 1161 1395; baseline -0.006 -9"><span class='ocrx_word' id='word_1_116' title='bbox 342 1360 452 1387; x_wconf 87' lang='lat' dir='ltr'>temus</span> <span class='ocrx_word' id='word_1_117' title='bbox 464 1367 470 1395; x_wconf 78' lang='lat'>3</span> <span class='ocrx_word' id='word_1_118' title='bbox 482 1353 568 1386; x_wconf 91' lang='lat' dir='ltr'>sicut</span> <span class='ocrx_word' id='word_1_119' title='bbox 578 1357 712 1385; x_wconf 66' lang='lat' dir='ltr'>vestrae</span> <span class='ocrx_word' id='word_1_120' title='bbox 723 1361 863 1395; x_wconf 90' lang='lat' dir='ltr'>quoque</span> <span class='ocrx_word' id='word_1_121' title='bbox 875 1349 991 1395; x_wconf 88' lang='lat' dir='ltr'>pietati</span> <span class='ocrx_word' id='word_1_122' title='bbox 1005 1360 1076 1382; x_wconf 91' lang='lat' dir='ltr'>non</span> <span class='ocrx_word' id='word_1_123' title='bbox 1089 1349 1161 1382; x_wconf 91' lang='lat' dir='ltr'>sine</span> 
     </span>
     <span class='ocr_line' id='line_1_22' title="bbox 341 1407 1161 1455; baseline -0.006 -11"><span class='ocrx_word' id='word_1_124' title='bbox 341 1411 438 1444; x_wconf 81' lang='lat' dir='ltr'>iustis</span> <span class='ocrx_word' id='word_1_125' title='bbox 453 1410 562 1443; x_wconf 87' lang='lat' dir='ltr'>causis</span> <span class='ocrx_word' id='word_1_126' title='bbox 580 1408 813 1455; x_wconf 78' lang='lat' dir='ltr'>porrigendos</span> <span class='ocrx_word' id='word_1_127' title='bbox 832 1413 1006 1453; x_wconf 88' lang='lat' dir='ltr'>putamus.</span> <span class='ocrx_word' id='word_1_128' title='bbox 1026 1407 1161 1440; x_wconf 85' lang='lat' dir='ltr'>Etenim</span> 
     </span>
     <span class='ocr_line' id='line_1_23' title="bbox 340 1463 1161 1513; baseline -0.006 -11"><span class='ocrx_word' id='word_1_129' title='bbox 340 1468 522 1513; x_wconf 76' lang='lat' dir='ltr'>religiosus</span> <span class='ocrx_word' id='word_1_130' title='bbox 546 1465 707 1500; x_wconf 80' lang='lat' dir='ltr'>sacerdos</span> <span class='ocrx_word' id='word_1_131' title='bbox 726 1465 919 1511; x_wconf 83' lang='lat' dir='ltr'>Stephanus</span> <span class='ocrx_word' id='word_1_132' title='bbox 937 1465 972 1497; x_wconf 92' lang='lat' dir='ltr'>in</span> <span class='ocrx_word' id='word_1_133' title='bbox 999 1463 1088 1498; x_wconf 86' lang='lat' dir='ltr'>hanc</span> <span class='ocrx_word' id='word_1_134' title='bbox 1107 1476 1161 1498; x_wconf 90' lang='lat' dir='ltr'>re-</span> 
     </span>
     <span class='ocr_line' id='line_1_24' title="bbox 340 1521 1156 1571; baseline -0.005 -12"><span class='ocrx_word' id='word_1_135' title='bbox 340 1527 431 1571; x_wconf 68' lang='lat' dir='ltr'>giam</span> <span class='ocrx_word' id='word_1_136' title='bbox 441 1537 458 1558; x_wconf 91' lang='lat' dir='ltr'>a</span> <span class='ocrx_word' id='word_1_137' title='bbox 468 1526 539 1559; x_wconf 91' lang='lat' dir='ltr'>Deo</span> <span class='ocrx_word' id='word_1_138' title='bbox 547 1523 754 1558; x_wconf 84' lang='lat' dir='ltr'>custoditam</span> <span class='ocrx_word' id='word_1_139' title='bbox 763 1521 888 1556; x_wconf 86' lang='lat' dir='ltr'>urbem</span> <span class='ocrx_word' id='word_1_140' title='bbox 897 1522 1048 1556; x_wconf 88' lang='lat' dir='ltr'>delatus.</span> <span class='ocrx_word' id='word_1_141' title='bbox 1062 1548 1069 1555; x_wconf 94' lang='lat'>.</span> <span class='ocrx_word' id='word_1_142' title='bbox 1082 1548 1089 1555; x_wconf 93' lang='lat'><strong>.</strong></span> <span class='ocrx_word' id='word_1_143' title='bbox 1097 1522 1156 1567; x_wconf 78' lang='lat'>(2).</span> 
     </span>
     <span class='ocr_line' id='line_1_25' title="bbox 340 1578 1161 1624; baseline -0.005 -8"><span class='ocrx_word' id='word_1_144' title='bbox 340 1583 405 1624; x_wconf 82' lang='lat' dir='ltr'>Qui</span> <span class='ocrx_word' id='word_1_145' title='bbox 426 1594 496 1616; x_wconf 92' lang='lat' dir='ltr'>non</span> <span class='ocrx_word' id='word_1_146' title='bbox 516 1580 702 1616; x_wconf 81' lang='lat' dir='ltr'>confitetur</span> <span class='ocrx_word' id='word_1_147' title='bbox 719 1581 781 1614; x_wconf 92' lang='lat' dir='ltr'>Dei</span> <span class='ocrx_word' id='word_1_148' title='bbox 795 1578 949 1613; x_wconf 84' lang='lat' dir='ltr'>Verbum</span> <span class='ocrx_word' id='word_1_149' title='bbox 967 1590 1106 1624; x_wconf 88' lang='lat' dir='ltr'>passum</span> <span class='ocrx_word' id='word_1_150' title='bbox 1122 1591 1161 1613; x_wconf 85' lang='lat' dir='ltr'>ac</span> 
     </span>
     <span class='ocr_line' id='line_1_26' title="bbox 340 1637 1160 1684; baseline -0.006 -10"><span class='ocrx_word' id='word_1_151' title='bbox 340 1647 535 1679; x_wconf 83' lang='lat' dir='ltr'>mortuum,</span> <span class='ocrx_word' id='word_1_152' title='bbox 554 1639 752 1684; x_wconf 87' lang='lat' dir='ltr'>factumque</span> <span class='ocrx_word' id='word_1_153' title='bbox 772 1637 1043 1683; x_wconf 83' lang='lat' dir='ltr'>primogenitum</span> <span class='ocrx_word' id='word_1_154' title='bbox 1064 1648 1160 1670; x_wconf 91' lang='lat' dir='ltr'>mor-</span> 
     </span>
     <span class='ocr_line' id='line_1_27' title="bbox 340 1695 1156 1742; baseline -0.004 -11"><span class='ocrx_word' id='word_1_155' title='bbox 340 1705 503 1736; x_wconf 87' lang='lat' dir='ltr'>tuorum,</span> <span class='ocrx_word' id='word_1_156' title='bbox 529 1698 688 1742; x_wconf 49' lang='lat' dir='ltr'>quami-is</span> <span class='ocrx_word' id='word_1_157' title='bbox 713 1696 824 1733; x_wconf 88' lang='lat' dir='ltr'>idem,</span> <span class='ocrx_word' id='word_1_158' title='bbox 850 1701 1020 1740; x_wconf 82' lang='lat' dir='ltr'>quatenus</span> <span class='ocrx_word' id='word_1_159' title='bbox 1045 1695 1156 1733; x_wconf 88' lang='lat' dir='ltr'>Deus,</span> 
     </span>
     <span class='ocr_line' id='line_1_28' title="bbox 340 1754 1156 1798; baseline -0.002 -10"><span class='ocrx_word' id='word_1_160' title='bbox 340 1757 407 1789; x_wconf 59' lang='lat' dir='ltr'>vita</span> <span class='ocrx_word' id='word_1_161' title='bbox 434 1767 473 1788; x_wconf 87' lang='lat' dir='ltr'>ac</span> <span class='ocrx_word' id='word_1_162' title='bbox 497 1754 674 1788; x_wconf 80' lang='lat' dir='ltr'>vivificans</span> <span class='ocrx_word' id='word_1_163' title='bbox 701 1755 765 1791; x_wconf 87' lang='lat' dir='ltr'>sit,</span> <span class='ocrx_word' id='word_1_164' title='bbox 790 1754 971 1787; x_wconf 83' lang='lat' dir='ltr'>anathema</span> <span class='ocrx_word' id='word_1_165' title='bbox 997 1759 1071 1786; x_wconf 89' lang='lat' dir='ltr'>esto</span> <span class='ocrx_word' id='word_1_166' title='bbox 1094 1754 1156 1798; x_wconf 68' lang='lat'>(3).</span> 
     </span>
    </p>

    <p class='ocr_par' dir='ltr' id='par_1_4' title="bbox 337 1809 1160 2486">
     <span class='ocr_line' id='line_1_29' title="bbox 413 1809 1160 1856; baseline -0.004 -10"><span class='ocrx_word' id='word_1_167' title='bbox 413 1814 446 1845; x_wconf 82' lang='lat'>5.</span> <span class='ocrx_word' id='word_1_168' title='bbox 476 1812 635 1846; x_wconf 83' lang='lat' dir='ltr'>Profecto</span> <span class='ocrx_word' id='word_1_169' title='bbox 660 1809 836 1856; x_wconf 82' lang='lat' dir='ltr'>quaelibet</span> <span class='ocrx_word' id='word_1_170' title='bbox 861 1810 1073 1844; x_wconf 87' lang='lat' dir='ltr'>clandestina</span> <span class='ocrx_word' id='word_1_171' title='bbox 1098 1821 1160 1844; x_wconf 89' lang='lat' dir='ltr'>ne.-</span> 
     </span>
     <span class='ocr_line' id='line_1_30' title="bbox 339 1867 1159 1903; baseline -0.004 0"><span class='ocrx_word' id='word_1_172' title='bbox 339 1870 509 1903; x_wconf 80' lang='lat' dir='ltr'>storianae</span> <span class='ocrx_word' id='word_1_173' title='bbox 530 1869 680 1903; x_wconf 90' lang='lat' dir='ltr'>malitiae</span> <span class='ocrx_word' id='word_1_174' title='bbox 698 1868 884 1902; x_wconf 86' lang='lat' dir='ltr'>insinuatio</span> <span class='ocrx_word' id='word_1_175' title='bbox 901 1867 993 1901; x_wconf 87' lang='lat' dir='ltr'>hisce</span> <span class='ocrx_word' id='word_1_176' title='bbox 1016 1867 1159 1901; x_wconf 90' lang='lat' dir='ltr'>anathe-</span> 
     </span>
     <span class='ocr_line' id='line_1_31' title="bbox 337 1924 1159 1971; baseline -0.004 -11"><span class='ocrx_word' id='word_1_177' title='bbox 337 1927 525 1965; x_wconf 87' lang='lat' dir='ltr'>matismis,</span> <span class='ocrx_word' id='word_1_178' title='bbox 547 1932 625 1960; x_wconf 89' lang='lat' dir='ltr'>ante</span> <span class='ocrx_word' id='word_1_179' title='bbox 645 1937 750 1971; x_wconf 89' lang='lat' dir='ltr'>quam</span> <span class='ocrx_word' id='word_1_180' title='bbox 769 1924 901 1958; x_wconf 84' lang='lat' dir='ltr'>radices</span> <span class='ocrx_word' id='word_1_181' title='bbox 922 1931 1016 1969; x_wconf 83' lang='lat' dir='ltr'>agat,</span> <span class='ocrx_word' id='word_1_182' title='bbox 1038 1924 1159 1958; x_wconf 67' lang='lat' dir='ltr'>evelli—-</span> 
     </span>
     <span class='ocr_line' id='line_1_32' title="bbox 339 1982 1158 2028; baseline -0.004 -10"><span class='ocrx_word' id='word_1_183' title='bbox 339 1990 412 2018; x_wconf 90' lang='lat' dir='ltr'>tur:</span> <span class='ocrx_word' id='word_1_184' title='bbox 435 1990 538 2028; x_wconf 87' lang='lat' dir='ltr'>atque</span> <span class='ocrx_word' id='word_1_185' title='bbox 562 1983 615 2016; x_wconf 84' lang='lat' dir='ltr'>his</span> <span class='ocrx_word' id='word_1_186' title='bbox 641 1982 961 2028; x_wconf 76' lang='lat' dir='ltr'>propositionibus,</span> <span class='ocrx_word' id='word_1_187' title='bbox 984 1993 1070 2027; x_wconf 82' lang='lat' dir='ltr'>quas</span> <span class='ocrx_word' id='word_1_188' title='bbox 1094 1993 1158 2016; x_wconf 87' lang='lat' dir='ltr'>nos</span> 
     </span>
     <span class='ocr_line' id='line_1_33' title="bbox 338 2039 1158 2077; baseline -0.002 -3"><span class='ocrx_word' id='word_1_189' title='bbox 338 2041 388 2074; x_wconf 90' lang='lat' dir='ltr'>illi</span> <span class='ocrx_word' id='word_1_190' title='bbox 403 2040 586 2074; x_wconf 86' lang='lat' dir='ltr'>obiicimus</span> <span class='ocrx_word' id='word_1_191' title='bbox 599 2052 617 2074; x_wconf 89' lang='lat' dir='ltr'>a</span> <span class='ocrx_word' id='word_1_192' title='bbox 630 2052 711 2074; x_wconf 51' lang='lat' dir='ltr'>wera</span> <span class='ocrx_word' id='word_1_193' title='bbox 725 2039 883 2073; x_wconf 87' lang='lat' dir='ltr'>doctrina</span> <span class='ocrx_word' id='word_1_194' title='bbox 894 2039 1029 2073; x_wconf 89' lang='lat' dir='ltr'>dietatis</span> <span class='ocrx_word' id='word_1_195' title='bbox 1039 2065 1046 2077; x_wconf 84' lang='lat'>,</span> <span class='ocrx_word' id='word_1_196' title='bbox 1059 2051 1158 2073; x_wconf 87' lang='lat' dir='ltr'>scan-</span> 
     </span>
     <span class='ocr_line' id='line_1_34' title="bbox 339 2096 1157 2145; baseline 0 -14"><span class='ocrx_word' id='word_1_197' title='bbox 339 2099 457 2133; x_wconf 80' lang='lat' dir='ltr'>dalum</span> <span class='ocrx_word' id='word_1_198' title='bbox 478 2105 703 2145; x_wconf 86' lang='lat' dir='ltr'>praecavetur</span> <span class='ocrx_word' id='word_1_199' title='bbox 720 2103 924 2131; x_wconf 85' lang='lat' dir='ltr'>cunctorum</span> <span class='ocrx_word' id='word_1_200' title='bbox 940 2096 1019 2130; x_wconf 84' lang='lat' dir='ltr'>fidei</span> <span class='ocrx_word' id='word_1_201' title='bbox 1037 2097 1157 2131; x_wconf 87' lang='lat' dir='ltr'>ortho-</span> 
     </span>
     <span class='ocr_line' id='line_1_35' title="bbox 340 2156 1157 2200; baseline 0 -11"><span class='ocrx_word' id='word_1_202' title='bbox 340 2157 450 2191; x_wconf 78' lang='lat' dir='ltr'>doxae</span> <span class='ocrx_word' id='word_1_203' title='bbox 473 2163 687 2195; x_wconf 86' lang='lat' dir='ltr'>amatorum,</span> <span class='ocrx_word' id='word_1_204' title='bbox 711 2167 752 2189; x_wconf 87' lang='lat' dir='ltr'>ne</span> <span class='ocrx_word' id='word_1_205' title='bbox 776 2156 853 2200; x_wconf 89' lang='lat' dir='ltr'>quis</span> <span class='ocrx_word' id='word_1_206' title='bbox 878 2161 1006 2189; x_wconf 87' lang='lat' dir='ltr'>temere</span> <span class='ocrx_word' id='word_1_207' title='bbox 1033 2162 1157 2189; x_wconf 79' lang='lat' dir='ltr'>atteni-</span> 
     </span>
     <span class='ocr_line' id='line_1_36' title="bbox 339 2212 1157 2260; baseline -0.001 -13"><span class='ocrx_word' id='word_1_208' title='bbox 339 2221 411 2260; x_wconf 77' lang='lat' dir='ltr'>ptct</span> <span class='ocrx_word' id='word_1_209' title='bbox 431 2213 672 2247; x_wconf 87' lang='lat' dir='ltr'>inconsutilem</span> <span class='ocrx_word' id='word_1_210' title='bbox 692 2213 816 2246; x_wconf 83' lang='lat' dir='ltr'>Christi</span> <span class='ocrx_word' id='word_1_211' title='bbox 835 2219 963 2246; x_wconf 70' lang='lat' dir='ltr'>vestem</span> <span class='ocrx_word' id='word_1_212' title='bbox 983 2212 1157 2259; x_wconf 89' lang='lat' dir='ltr'>discerpe-</span> 
     </span>
     <span class='ocr_line' id='line_1_37' title="bbox 338 2269 1156 2309; baseline -0.001 -5"><span class='ocrx_word' id='word_1_213' title='bbox 338 2282 375 2304; x_wconf 84' lang='lat' dir='ltr'>re</span> <span class='ocrx_word' id='word_1_214' title='bbox 389 2297 396 2309; x_wconf 90' lang='lat'>,</span> <span class='ocrx_word' id='word_1_215' title='bbox 413 2270 446 2303; x_wconf 90' lang='lat' dir='ltr'>id</span> <span class='ocrx_word' id='word_1_216' title='bbox 461 2276 511 2303; x_wconf 89' lang='lat' dir='ltr'>est</span> <span class='ocrx_word' id='word_1_217' title='bbox 525 2281 641 2303; x_wconf 89' lang='lat' dir='ltr'>sanam</span> <span class='ocrx_word' id='word_1_218' title='bbox 657 2269 738 2303; x_wconf 84' lang='lat' dir='ltr'>fidei</span> <span class='ocrx_word' id='word_1_219' title='bbox 752 2270 825 2303; x_wconf 89' lang='lat' dir='ltr'>eius</span> <span class='ocrx_word' id='word_1_220' title='bbox 841 2269 1048 2303; x_wconf 84' lang='lat' dir='ltr'>doctrinam.</span> <span class='ocrx_word' id='word_1_221' title='bbox 1070 2272 1156 2304; x_wconf 79' lang='lat' dir='ltr'>Nam</span> 
     </span>
     <span class='ocr_line' id='line_1_38' title="bbox 338 2327 1156 2373; baseline 0.001 -13"><span class='ocrx_word' id='word_1_222' title='bbox 338 2333 458 2361; x_wconf 81' lang='lat' dir='ltr'>contra</span> <span class='ocrx_word' id='word_1_223' title='bbox 476 2327 564 2360; x_wconf 81' lang='lat' dir='ltr'>lianc</span> <span class='ocrx_word' id='word_1_224' title='bbox 583 2328 760 2361; x_wconf 82' lang='lat' dir='ltr'>Nestorius</span> <span class='ocrx_word' id='word_1_225' title='bbox 779 2353 785 2360; x_wconf 93' lang='lat'><strong><em>.</em></strong></span> <span class='ocrx_word' id='word_1_226' title='bbox 807 2353 814 2360; x_wconf 88' lang='lat'><strong>.</strong></span> <span class='ocrx_word' id='word_1_227' title='bbox 835 2353 842 2360; x_wconf 92' lang='lat'><strong>.</strong></span> <span class='ocrx_word' id='word_1_228' title='bbox 864 2327 912 2372; x_wconf 64' lang='grc' dir='ltr'>(ἱ)</span> <span class='ocrx_word' id='word_1_229' title='bbox 931 2327 1024 2361; x_wconf 88' lang='lat' dir='ltr'>haud</span> <span class='ocrx_word' id='word_1_230' title='bbox 1043 2328 1156 2373; x_wconf 89' lang='lat' dir='ltr'>potuit</span> 
     </span>
     <span class='ocr_line' id='line_1_39' title="bbox 340 2383 1154 2429; baseline 0 -12"><span class='ocrx_word' id='word_1_231' title='bbox 340 2383 571 2418; x_wconf 73' lang='lat' dir='ltr'>heterodoxus</span> <span class='ocrx_word' id='word_1_232' title='bbox 597 2383 718 2417; x_wconf 85' lang='lat' dir='ltr'>fraude</span> <span class='ocrx_word' id='word_1_233' title='bbox 745 2395 804 2417; x_wconf 83' lang='lat' dir='ltr'>sua</span> <span class='ocrx_word' id='word_1_234' title='bbox 831 2384 1047 2429; x_wconf 71' lang='lat' dir='ltr'>praevalere,</span> <span class='ocrx_word' id='word_1_235' title='bbox 1070 2384 1154 2417; x_wconf 89' lang='lat' dir='ltr'>dum</span> 
     </span>
     <span class='ocr_line' id='line_1_40' title="bbox 338 2440 1157 2486; baseline 0 -12"><span class='ocrx_word' id='word_1_236' title='bbox 338 2442 432 2474; x_wconf 90' lang='lat' dir='ltr'>omni</span> <span class='ocrx_word' id='word_1_237' title='bbox 456 2440 572 2474; x_wconf 87' lang='lat' dir='ltr'>studio</span> <span class='ocrx_word' id='word_1_238' title='bbox 596 2447 798 2485; x_wconf 86' lang='lat' dir='ltr'>quaereret,</span> <span class='ocrx_word' id='word_1_239' title='bbox 822 2442 1009 2486; x_wconf 85' lang='lat' dir='ltr'>quominus</span> <span class='ocrx_word' id='word_1_240' title='bbox 1030 2442 1157 2474; x_wconf 69' lang='lat' dir='ltr'>verita-</span> 
     </span>
    </p>
   </div>
   <div class='ocr_carea' id='block_1_3' title="bbox 1004 191 1386 217">
    <p class='ocr_par' dir='ltr' id='par_1_5' title="bbox 1004 191 1386 217">
     <span class='ocr_line' id='line_1_41' title="bbox 1004 191 1386 217; baseline 0.003 -2"><span class='ocrx_word' id='word_1_241' title='bbox 1004 191 1032 215; x_wconf 83' lang='lat' dir='ltr'>S.</span> <span class='ocrx_word' id='word_1_242' title='bbox 1059 191 1204 216; x_wconf 71' lang='lat' dir='ltr'>GERMANI</span> <span class='ocrx_word' id='word_1_243' title='bbox 1230 193 1386 217; x_wconf 67' lang='lat' dir='ltr'>EPISTOLA</span> 
     </span>
    </p>
   </div>
   <div class='ocr_carea' id='block_1_4' title="bbox 1211 257 2042 2486">
    <p class='ocr_par' dir='ltr' id='par_1_6' title="bbox 1219 257 2041 591">
     <span class='ocr_line' id='line_1_42' title="bbox 1220 257 2040 303; baseline 0.004 -12"><span class='ocrx_word' id='word_1_244' title='bbox 1220 264 1291 292; x_wconf 88' lang='lat' dir='ltr'>tem</span> <span class='ocrx_word' id='word_1_245' title='bbox 1310 258 1408 291; x_wconf 79' lang='lat' dir='ltr'>fateri</span> <span class='ocrx_word' id='word_1_246' title='bbox 1428 258 1538 291; x_wconf 67' lang='lat' dir='ltr'>xictus</span> <span class='ocrx_word' id='word_1_247' title='bbox 1558 263 1752 303; x_wconf 84' lang='lat' dir='ltr'>cogeretur.</span> <span class='ocrx_word' id='word_1_248' title='bbox 1782 258 1886 303; x_wconf 85' lang='lat' dir='ltr'>Atqui</span> <span class='ocrx_word' id='word_1_249' title='bbox 1905 259 1932 292; x_wconf 90' lang='lat' dir='ltr'>si</span> <span class='ocrx_word' id='word_1_250' title='bbox 1957 257 2040 294; x_wconf 87' lang='lat' dir='ltr'>haec</span> 
     </span>
     <span class='ocr_line' id='line_1_43' title="bbox 1221 313 2041 362; baseline 0.002 -14"><span class='ocrx_word' id='word_1_251' title='bbox 1221 315 1408 349; x_wconf 87' lang='lat' dir='ltr'>catholicae</span> <span class='ocrx_word' id='word_1_252' title='bbox 1435 314 1659 360; x_wconf 85' lang='lat' dir='ltr'>professionis</span> <span class='ocrx_word' id='word_1_253' title='bbox 1684 313 1854 349; x_wconf 66' lang='lat' dir='ltr'>vocabula</span> <span class='ocrx_word' id='word_1_254' title='bbox 1873 327 2041 362; x_wconf 86' lang='lat' dir='ltr'>usurpare</span> 
     </span>
     <span class='ocr_line' id='line_1_44' title="bbox 1219 372 2040 418; baseline 0.001 -13"><span class='ocrx_word' id='word_1_255' title='bbox 1219 372 1404 409; x_wconf 67' lang='lat' dir='ltr'>voluisset,</span> <span class='ocrx_word' id='word_1_256' title='bbox 1423 383 1642 418; x_wconf 85' lang='lat' dir='ltr'>nequaquam</span> <span class='ocrx_word' id='word_1_257' title='bbox 1662 383 1704 406; x_wconf 80' lang='lat' dir='ltr'>ex</span> <span class='ocrx_word' id='word_1_258' title='bbox 1722 373 1785 406; x_wconf 89' lang='lat' dir='ltr'>Dei</span> <span class='ocrx_word' id='word_1_259' title='bbox 1804 373 1945 407; x_wconf 80' lang='lat' dir='ltr'>ecclesia</span> <span class='ocrx_word' id='word_1_260' title='bbox 1963 373 2040 418; x_wconf 89' lang='lat' dir='ltr'>pul-</span> 
     </span>
     <span class='ocr_line' id='line_1_45' title="bbox 1219 429 2040 475; baseline 0 -11"><span class='ocrx_word' id='word_1_261' title='bbox 1219 441 1276 464; x_wconf 90' lang='lat' dir='ltr'>sus</span> <span class='ocrx_word' id='word_1_262' title='bbox 1297 429 1433 472; x_wconf 82' lang='lat' dir='ltr'>fuisset3</span> <span class='ocrx_word' id='word_1_263' title='bbox 1450 430 1510 464; x_wconf 88' lang='lat' dir='ltr'>sed</span> <span class='ocrx_word' id='word_1_264' title='bbox 1530 441 1609 463; x_wconf 90' lang='lat' dir='ltr'>eum</span> <span class='ocrx_word' id='word_1_265' title='bbox 1627 429 1748 464; x_wconf 89' lang='lat' dir='ltr'>beatus</span> <span class='ocrx_word' id='word_1_266' title='bbox 1766 429 1916 475; x_wconf 72' lang='lat' dir='ltr'>Cyrillus</span> <span class='ocrx_word' id='word_1_267' title='bbox 1934 429 2040 464; x_wconf 66' lang='lat' dir='ltr'>veluti</span> 
     </span>
     <span class='ocr_line' id='line_1_46' title="bbox 1219 487 2041 534; baseline 0 -13"><span class='ocrx_word' id='word_1_268' title='bbox 1219 487 1389 533; x_wconf 80' lang='lat' dir='ltr'>collegam</span> <span class='ocrx_word' id='word_1_269' title='bbox 1407 493 1441 521; x_wconf 87' lang='lat' dir='ltr'>et</span> <span class='ocrx_word' id='word_1_270' title='bbox 1455 488 1701 534; x_wconf 80' lang='lat' dir='ltr'>coepiscopum</span> <span class='ocrx_word' id='word_1_271' title='bbox 1715 489 1919 534; x_wconf 79' lang='lat' dir='ltr'>excepisset:</span> <span class='ocrx_word' id='word_1_272' title='bbox 1936 493 2041 534; x_wconf 88' lang='lat' dir='ltr'>prout</span> 
     </span>
     <span class='ocr_line' id='line_1_47' title="bbox 1219 544 2036 591; baseline 0 -13"><span class='ocrx_word' id='word_1_273' title='bbox 1219 545 1254 578; x_wconf 90' lang='lat' dir='ltr'>in</span> <span class='ocrx_word' id='word_1_274' title='bbox 1269 545 1374 578; x_wconf 89' lang='lat' dir='ltr'>sacris</span> <span class='ocrx_word' id='word_1_275' title='bbox 1387 546 1458 578; x_wconf 90' lang='lat' dir='ltr'>ruis</span> <span class='ocrx_word' id='word_1_276' title='bbox 1472 545 1627 591; x_wconf 89' lang='lat' dir='ltr'>epistolis</span> <span class='ocrx_word' id='word_1_277' title='bbox 1641 546 1808 591; x_wconf 89' lang='lat' dir='ltr'>scriptum</span> <span class='ocrx_word' id='word_1_278' title='bbox 1820 545 1960 590; x_wconf 89' lang='lat' dir='ltr'>reliquit</span> <span class='ocrx_word' id='word_1_279' title='bbox 1975 544 2036 590; x_wconf 77' lang='lat'>(5).</span> 
     </span>
    </p>

    <p class='ocr_par' dir='ltr' id='par_1_7' title="bbox 1211 602 2042 2486">
     <span class='ocr_line' id='line_1_48' title="bbox 1293 602 2041 643; baseline 0 -8"><span class='ocrx_word' id='word_1_280' title='bbox 1293 603 1327 636; x_wconf 81' lang='lat'>6.</span> <span class='ocrx_word' id='word_1_281' title='bbox 1357 602 1594 643; x_wconf 85' lang='lat' dir='ltr'>Quamobrem</span> <span class='ocrx_word' id='word_1_282' title='bbox 1619 614 1684 637; x_wconf 91' lang='lat' dir='ltr'>nos</span> <span class='ocrx_word' id='word_1_283' title='bbox 1709 603 1837 636; x_wconf 91' lang='lat' dir='ltr'>horum</span> <span class='ocrx_word' id='word_1_284' title='bbox 1860 603 1930 636; x_wconf 59' lang='lat' dir='ltr'>x‘im</span> <span class='ocrx_word' id='word_1_285' title='bbox 1957 603 2041 635; x_wconf 91' lang='lat' dir='ltr'>arti-</span> 
     </span>
     <span class='ocr_line' id='line_1_49' title="bbox 1219 659 2042 705; baseline 0 -13"><span class='ocrx_word' id='word_1_286' title='bbox 1219 659 1379 693; x_wconf 84' lang='lat' dir='ltr'>culorum</span> <span class='ocrx_word' id='word_1_287' title='bbox 1394 661 1491 705; x_wconf 91' lang='lat' dir='ltr'>quasi</span> <span class='ocrx_word' id='word_1_288' title='bbox 1509 672 1644 695; x_wconf 87' lang='lat' dir='ltr'>sacrum</span> <span class='ocrx_word' id='word_1_289' title='bbox 1661 660 1925 694; x_wconf 87' lang='lat' dir='ltr'>fundamentum</span> <span class='ocrx_word' id='word_1_290' title='bbox 1940 670 2042 705; x_wconf 87' lang='lat' dir='ltr'>prae-</span> 
     </span>
     <span class='ocr_line' id='line_1_50' title="bbox 1218 717 2041 763; baseline 0 -13"><span class='ocrx_word' id='word_1_291' title='bbox 1218 717 1398 755; x_wconf 86' lang='lat' dir='ltr'>iacientes‚</span> <span class='ocrx_word' id='word_1_292' title='bbox 1422 724 1456 751; x_wconf 89' lang='lat' dir='ltr'>et</span> <span class='ocrx_word' id='word_1_293' title='bbox 1482 719 1600 751; x_wconf 91' lang='lat' dir='ltr'>omnia</span> <span class='ocrx_word' id='word_1_294' title='bbox 1624 717 1769 763; x_wconf 81' lang='lat' dir='ltr'>legitimi</span> <span class='ocrx_word' id='word_1_295' title='bbox 1794 729 1913 751; x_wconf 87' lang='lat' dir='ltr'>sensus</span> <span class='ocrx_word' id='word_1_296' title='bbox 1937 728 2041 751; x_wconf 61' lang='lat' dir='ltr'>voca-</span> 
     </span>
     <span class='ocr_line' id='line_1_51' title="bbox 1218 773 2042 821; baseline 0 -14"><span class='ocrx_word' id='word_1_297' title='bbox 1218 773 1300 808; x_wconf 90' lang='lat' dir='ltr'>bula</span> <span class='ocrx_word' id='word_1_298' title='bbox 1320 775 1553 820; x_wconf 86' lang='lat' dir='ltr'>producentes</span> <span class='ocrx_word' id='word_1_299' title='bbox 1565 802 1573 814; x_wconf 89' lang='lat'>,</span> <span class='ocrx_word' id='word_1_300' title='bbox 1591 775 1643 809; x_wconf 89' lang='grc'><strong>1115</strong></span> <span class='ocrx_word' id='word_1_301' title='bbox 1662 787 1767 821; x_wconf 88' lang='lat' dir='ltr'>super</span> <span class='ocrx_word' id='word_1_302' title='bbox 1786 774 1968 809; x_wconf 86' lang='lat' dir='ltr'>aedificare</span> <span class='ocrx_word' id='word_1_303' title='bbox 1988 774 2042 807; x_wconf 88' lang='lat' dir='ltr'>ni-</span> 
     </span>
     <span class='ocr_line' id='line_1_52' title="bbox 1218 832 2041 878; baseline -0.001 -13"><span class='ocrx_word' id='word_1_304' title='bbox 1218 832 1343 866; x_wconf 90' lang='lat' dir='ltr'>timur:</span> <span class='ocrx_word' id='word_1_305' title='bbox 1365 846 1380 863; x_wconf 93' lang='lat'>«</span> <span class='ocrx_word' id='word_1_306' title='bbox 1399 833 1446 878; x_wconf 74' lang='lat'>(6)</span> <span class='ocrx_word' id='word_1_307' title='bbox 1464 833 1552 866; x_wconf 89' lang='lat' dir='ltr'>Nam</span> <span class='ocrx_word' id='word_1_308' title='bbox 1570 832 1657 866; x_wconf 84' lang='lat' dir='ltr'>duas</span> <span class='ocrx_word' id='word_1_309' title='bbox 1676 832 1881 867; x_wconf 83' lang='lat' dir='ltr'>confitentes</span> <span class='ocrx_word' id='word_1_310' title='bbox 1899 838 2041 865; x_wconf 88' lang='lat' dir='ltr'>naturas</span> 
     </span>
     <span class='ocr_line' id='line_1_53' title="bbox 1221 889 2040 935; baseline -0.001 -13"><span class='ocrx_word' id='word_1_311' title='bbox 1221 903 1237 921; x_wconf 89' lang='lat'>»</span> <span class='ocrx_word' id='word_1_312' title='bbox 1259 891 1294 923; x_wconf 90' lang='lat' dir='ltr'>in</span> <span class='ocrx_word' id='word_1_313' title='bbox 1321 891 1500 935; x_wconf 82' lang='lat' dir='ltr'>unigenito</span> <span class='ocrx_word' id='word_1_314' title='bbox 1526 891 1588 924; x_wconf 88' lang='lat' dir='ltr'>Dei</span> <span class='ocrx_word' id='word_1_315' title='bbox 1614 889 1709 928; x_wconf 85' lang='lat' dir='ltr'>filio,</span> <span class='ocrx_word' id='word_1_316' title='bbox 1733 890 1877 924; x_wconf 91' lang='lat' dir='ltr'>domino</span> <span class='ocrx_word' id='word_1_317' title='bbox 1904 900 1943 923; x_wconf 88' lang='lat' dir='ltr'>ac</span> <span class='ocrx_word' id='word_1_318' title='bbox 1968 899 2040 922; x_wconf 86' lang='lat' dir='ltr'>ser-</span> 
     </span>
     <span class='ocr_line' id='line_1_54' title="bbox 1221 944 2041 986; baseline 0 -8"><span class='ocrx_word' id='word_1_319' title='bbox 1221 960 1237 978; x_wconf 92' lang='lat'>»</span> <span class='ocrx_word' id='word_1_320' title='bbox 1259 953 1379 981; x_wconf 76' lang='lat' dir='ltr'>vatore</span> <span class='ocrx_word' id='word_1_321' title='bbox 1402 953 1524 981; x_wconf 90' lang='lat' dir='ltr'>nostro</span> <span class='ocrx_word' id='word_1_322' title='bbox 1544 948 1619 981; x_wconf 90' lang='lat' dir='ltr'>Iesu</span> <span class='ocrx_word' id='word_1_323' title='bbox 1639 947 1795 986; x_wconf 87' lang='lat' dir='ltr'>Christo,</span> <span class='ocrx_word' id='word_1_324' title='bbox 1817 946 1920 980; x_wconf 88' lang='lat' dir='ltr'>simili</span> <span class='ocrx_word' id='word_1_325' title='bbox 1938 944 2041 979; x_wconf 88' lang='lat' dir='ltr'>nobis</span> 
     </span>
     <span class='ocr_line' id='line_1_55' title="bbox 1220 1002 2040 1050; baseline -0.001 -14"><span class='ocrx_word' id='word_1_326' title='bbox 1220 1017 1236 1036; x_wconf 88' lang='lat'>»</span> <span class='ocrx_word' id='word_1_327' title='bbox 1260 1015 1322 1049; x_wconf 89' lang='lat' dir='ltr'>per</span> <span class='ocrx_word' id='word_1_328' title='bbox 1340 1005 1458 1039; x_wconf 89' lang='lat' dir='ltr'>omnia</span> <span class='ocrx_word' id='word_1_329' title='bbox 1476 1004 1586 1044; x_wconf 83' lang='lat' dir='ltr'>sacto,</span> <span class='ocrx_word' id='word_1_330' title='bbox 1609 1011 1753 1050; x_wconf 84' lang='lat' dir='ltr'>excepto</span> <span class='ocrx_word' id='word_1_331' title='bbox 1772 1010 1930 1050; x_wconf 88' lang='lat' dir='ltr'>peccato,</span> <span class='ocrx_word' id='word_1_332' title='bbox 1952 1002 2040 1036; x_wconf 88' lang='lat' dir='ltr'>nihil</span> 
     </span>
     <span class='ocr_line' id='line_1_56' title="bbox 1220 1059 2040 1107; baseline -0.004 -11"><span class='ocrx_word' id='word_1_333' title='bbox 1220 1074 1236 1092; x_wconf 84' lang='lat'>»</span> <span class='ocrx_word' id='word_1_334' title='bbox 1260 1062 1355 1096; x_wconf 92' lang='lat' dir='ltr'>aliud</span> <span class='ocrx_word' id='word_1_335' title='bbox 1370 1062 1518 1096; x_wconf 85' lang='lat' dir='ltr'>dicimus</span> <span class='ocrx_word' id='word_1_336' title='bbox 1533 1068 1591 1096; x_wconf 90' lang='lat' dir='ltr'>aut</span> <span class='ocrx_word' id='word_1_337' title='bbox 1605 1061 1848 1107; x_wconf 82' lang='lat' dir='ltr'>intelligimuS,</span> <span class='ocrx_word' id='word_1_338' title='bbox 1864 1061 1927 1094; x_wconf 91' lang='lat' dir='ltr'>nisi</span> <span class='ocrx_word' id='word_1_339' title='bbox 1942 1059 2040 1106; x_wconf 88' lang='lat' dir='ltr'>quod</span> 
     </span>
     <span class='ocr_line' id='line_1_57' title="bbox 1219 1116 2039 1166; baseline -0.002 -13"><span class='ocrx_word' id='word_1_340' title='bbox 1219 1134 1235 1150; x_wconf 86' lang='lat'>»</span> <span class='ocrx_word' id='word_1_341' title='bbox 1259 1120 1332 1165; x_wconf 89' lang='lat' dir='ltr'>ipse</span> <span class='ocrx_word' id='word_1_342' title='bbox 1350 1121 1441 1153; x_wconf 89' lang='lat' dir='ltr'>Deus</span> <span class='ocrx_word' id='word_1_343' title='bbox 1466 1132 1574 1166; x_wconf 89' lang='lat' dir='ltr'>quum</span> <span class='ocrx_word' id='word_1_344' title='bbox 1595 1126 1702 1158; x_wconf 89' lang='lat' dir='ltr'>esset,</span> <span class='ocrx_word' id='word_1_345' title='bbox 1724 1125 1757 1153; x_wconf 88' lang='lat' dir='ltr'>et</span> <span class='ocrx_word' id='word_1_346' title='bbox 1783 1120 1873 1164; x_wconf 90' lang='lat' dir='ltr'>patri</span> <span class='ocrx_word' id='word_1_347' title='bbox 1891 1116 2039 1152; x_wconf 90' lang='lat' dir='ltr'>consub-</span> 
     </span>
     <span class='ocr_line' id='line_1_58' title="bbox 1220 1175 2038 1221; baseline 0 -13"><span class='ocrx_word' id='word_1_348' title='bbox 1220 1190 1236 1208; x_wconf 92' lang='lat'>»</span> <span class='ocrx_word' id='word_1_349' title='bbox 1258 1178 1427 1212; x_wconf 88' lang='lat' dir='ltr'>stantialis</span> <span class='ocrx_word' id='word_1_350' title='bbox 1439 1204 1446 1216; x_wconf 89' lang='lat'>,</span> <span class='ocrx_word' id='word_1_351' title='bbox 1464 1178 1572 1211; x_wconf 88' lang='lat' dir='ltr'>homo</span> <span class='ocrx_word' id='word_1_352' title='bbox 1590 1177 1699 1211; x_wconf 85' lang='lat' dir='ltr'>factus</span> <span class='ocrx_word' id='word_1_353' title='bbox 1716 1183 1786 1215; x_wconf 90' lang='lat' dir='ltr'>est,</span> <span class='ocrx_word' id='word_1_354' title='bbox 1808 1187 1958 1221; x_wconf 63' lang='lat' dir='ltr'>vereque</span> <span class='ocrx_word' id='word_1_355' title='bbox 1976 1175 2038 1208; x_wconf 90' lang='lat' dir='ltr'>ho-</span> 
     </span>
     <span class='ocr_line' id='line_1_59' title="bbox 1220 1233 2039 1269; baseline -0.002 -2"><span class='ocrx_word' id='word_1_356' title='bbox 1220 1247 1235 1265; x_wconf 84' lang='lat'>»</span> <span class='ocrx_word' id='word_1_357' title='bbox 1258 1234 1410 1268; x_wconf 88' lang='lat' dir='ltr'>minibus</span> <span class='ocrx_word' id='word_1_358' title='bbox 1429 1233 1732 1269; x_wconf 87' lang='lat' dir='ltr'>consubstantialis</span> <span class='ocrx_word' id='word_1_359' title='bbox 1754 1248 1769 1264; x_wconf 74' lang='grc'>»</span> <span class='ocrx_word' id='word_1_360' title='bbox 1792 1233 1964 1267; x_wconf 84' lang='lat' dir='ltr'>mediator</span> <span class='ocrx_word' id='word_1_361' title='bbox 1988 1233 2039 1266; x_wconf 91' lang='grc'><strong>111-</strong></span> 
     </span>
     <span class='ocr_line' id='line_1_60' title="bbox 1216 1289 2039 1330; baseline -0.004 -5"><span class='ocrx_word' id='word_1_362' title='bbox 1216 1297 1269 1326; x_wconf 87' lang='lat' dir='ltr'>ter</span> <span class='ocrx_word' id='word_1_363' title='bbox 1293 1293 1405 1326; x_wconf 91' lang='lat' dir='ltr'>Deum</span> <span class='ocrx_word' id='word_1_364' title='bbox 1430 1299 1465 1326; x_wconf 86' lang='lat' dir='ltr'>et</span> <span class='ocrx_word' id='word_1_365' title='bbox 1489 1293 1648 1326; x_wconf 87' lang='lat' dir='ltr'>homines</span> <span class='ocrx_word' id='word_1_366' title='bbox 1663 1317 1670 1330; x_wconf 86' lang='lat'>,</span> <span class='ocrx_word' id='word_1_367' title='bbox 1693 1297 1853 1324; x_wconf 87' lang='lat' dir='ltr'>naturam</span> <span class='ocrx_word' id='word_1_368' title='bbox 1880 1289 1946 1323; x_wconf 93' lang='lat' dir='ltr'>sibi</span> <span class='ocrx_word' id='word_1_369' title='bbox 1972 1289 2039 1322; x_wconf 87' lang='lat' dir='ltr'>hu-</span> 
     </span>
     <span class='ocr_line' id='line_1_61' title="bbox 1216 1347 2038 1394; baseline -0.002 -12"><span class='ocrx_word' id='word_1_370' title='bbox 1216 1361 1356 1383; x_wconf 89' lang='lat' dir='ltr'>manam</span> <span class='ocrx_word' id='word_1_371' title='bbox 1381 1361 1449 1384; x_wconf 89' lang='lat' dir='ltr'>una</span> <span class='ocrx_word' id='word_1_372' title='bbox 1476 1362 1555 1384; x_wconf 89' lang='lat' dir='ltr'>cum</span> <span class='ocrx_word' id='word_1_373' title='bbox 1581 1349 1708 1383; x_wconf 83' lang='lat' dir='ltr'>deitate</span> <span class='ocrx_word' id='word_1_374' title='bbox 1736 1348 1922 1394; x_wconf 89' lang='lat' dir='ltr'>copulans,</span> <span class='ocrx_word' id='word_1_375' title='bbox 1944 1347 2038 1381; x_wconf 89' lang='lat' dir='ltr'>haud</span> 
     </span>
     <span class='ocr_line' id='line_1_62' title="bbox 1216 1405 2039 1454; baseline -0.002 -14"><span class='ocrx_word' id='word_1_376' title='bbox 1216 1406 1351 1441; x_wconf 89' lang='lat' dir='ltr'>sublata</span> <span class='ocrx_word' id='word_1_377' title='bbox 1376 1419 1420 1442; x_wconf 91' lang='lat' dir='ltr'>ne</span> <span class='ocrx_word' id='word_1_378' title='bbox 1448 1414 1525 1454; x_wconf 89' lang='lat' dir='ltr'>post</span> <span class='ocrx_word' id='word_1_379' title='bbox 1552 1408 1719 1441; x_wconf 86' lang='lat' dir='ltr'>unionem</span> <span class='ocrx_word' id='word_1_380' title='bbox 1746 1405 1890 1452; x_wconf 89' lang='lat' dir='ltr'>quidem</span> <span class='ocrx_word' id='word_1_381' title='bbox 1915 1405 2039 1439; x_wconf 83' lang='lat' dir='ltr'>(listin-</span> 
     </span>
     <span class='ocr_line' id='line_1_63' title="bbox 1216 1464 2039 1505; baseline -0.002 -7"><span class='ocrx_word' id='word_1_382' title='bbox 1216 1465 1330 1499; x_wconf 86' lang='lat' dir='ltr'>ctione</span> <span class='ocrx_word' id='word_1_383' title='bbox 1344 1472 1548 1499; x_wconf 87' lang='lat' dir='ltr'>naturarum</span> <span class='ocrx_word' id='word_1_384' title='bbox 1560 1491 1567 1505; x_wconf 90' lang='lat'>‚</span> <span class='ocrx_word' id='word_1_385' title='bbox 1581 1464 1643 1498; x_wconf 88' lang='lat' dir='ltr'>sed</span> <span class='ocrx_word' id='word_1_386' title='bbox 1655 1475 1724 1498; x_wconf 90' lang='lat' dir='ltr'>una</span> <span class='ocrx_word' id='word_1_387' title='bbox 1739 1469 1942 1498; x_wconf 83' lang='lat' dir='ltr'>conservata</span> <span class='ocrx_word' id='word_1_388' title='bbox 1956 1475 2039 1497; x_wconf 88' lang='lat' dir='ltr'>sem-</span> 
     </span>
     <span class='ocr_line' id='line_1_64' title="bbox 1215 1521 2039 1568; baseline -0.004 -12"><span class='ocrx_word' id='word_1_389' title='bbox 1215 1533 1278 1567; x_wconf 89' lang='lat' dir='ltr'>per</span> <span class='ocrx_word' id='word_1_390' title='bbox 1297 1533 1445 1568; x_wconf 88' lang='lat' dir='ltr'>persona</span> <span class='ocrx_word' id='word_1_391' title='bbox 1467 1529 1569 1568; x_wconf 89' lang='lat' dir='ltr'>atque</span> <span class='ocrx_word' id='word_1_392' title='bbox 1593 1521 1771 1567; x_wconf 74' lang='lat' dir='ltr'>hypostasi</span> <span class='ocrx_word' id='word_1_393' title='bbox 1792 1521 1930 1554; x_wconf 56' lang='lat' dir='ltr'>dix-inae</span> <span class='ocrx_word' id='word_1_394' title='bbox 1947 1521 2039 1554; x_wconf 61' lang='lat' dir='ltr'>veri-</span> 
     </span>
     <span class='ocr_line' id='line_1_65' title="bbox 1216 1577 2037 1625; baseline -0.001 -13"><span class='ocrx_word' id='word_1_395' title='bbox 1216 1580 1293 1613; x_wconf 86' lang='lat' dir='ltr'>tatis</span> <span class='ocrx_word' id='word_1_396' title='bbox 1314 1581 1529 1618; x_wconf 85' lang='lat' dir='ltr'>incarnatae,</span> <span class='ocrx_word' id='word_1_397' title='bbox 1546 1591 1635 1625; x_wconf 87' lang='lat' dir='ltr'>quae</span> <span class='ocrx_word' id='word_1_398' title='bbox 1657 1579 1808 1625; x_wconf 89' lang='lat' dir='ltr'>perfecte</span> <span class='ocrx_word' id='word_1_399' title='bbox 1823 1579 1932 1612; x_wconf 92' lang='lat' dir='ltr'>homo</span> <span class='ocrx_word' id='word_1_400' title='bbox 1950 1577 2037 1612; x_wconf 89' lang='lat' dir='ltr'>facta</span> 
     </span>
     <span class='ocr_line' id='line_1_66' title="bbox 1214 1636 2038 1680; baseline -0.002 -10"><span class='ocrx_word' id='word_1_401' title='bbox 1214 1643 1278 1671; x_wconf 85' lang='lat' dir='ltr'>est.</span> <span class='ocrx_word' id='word_1_402' title='bbox 1292 1638 1427 1671; x_wconf 89' lang='lat' dir='ltr'>Etenim</span> <span class='ocrx_word' id='word_1_403' title='bbox 1441 1643 1520 1671; x_wconf 90' lang='lat' dir='ltr'>ante</span> <span class='ocrx_word' id='word_1_404' title='bbox 1532 1638 1699 1671; x_wconf 86' lang='lat' dir='ltr'>unionem</span> <span class='ocrx_word' id='word_1_405' title='bbox 1709 1663 1717 1675; x_wconf 92' lang='lat'>‚</span> <span class='ocrx_word' id='word_1_406' title='bbox 1730 1636 1765 1669; x_wconf 90' lang='lat' dir='ltr'>id</span> <span class='ocrx_word' id='word_1_407' title='bbox 1780 1641 1920 1670; x_wconf 87' lang='lat' dir='ltr'>estante</span> <span class='ocrx_word' id='word_1_408' title='bbox 1931 1647 2038 1680; x_wconf 89' lang='lat' dir='ltr'>quam</span> 
     </span>
     <span class='ocr_line' id='line_1_67' title="bbox 1214 1695 2038 1741; baseline -0.002 -12"><span class='ocrx_word' id='word_1_409' title='bbox 1214 1696 1432 1741; x_wconf 78' lang='lat' dir='ltr'>unigenitum</span> <span class='ocrx_word' id='word_1_410' title='bbox 1458 1696 1519 1729; x_wconf 91' lang='lat' dir='ltr'>Dei</span> <span class='ocrx_word' id='word_1_411' title='bbox 1545 1695 1698 1729; x_wconf 70' lang='lat' dir='ltr'>Verbum</span> <span class='ocrx_word' id='word_1_412' title='bbox 1727 1701 1869 1728; x_wconf 85' lang='lat' dir='ltr'>naturae</span> <span class='ocrx_word' id='word_1_413' title='bbox 1899 1700 2038 1727; x_wconf 87' lang='lat' dir='ltr'>nostrae</span> 
     </span>
     <span class='ocr_line' id='line_1_68' title="bbox 1215 1751 2037 1798; baseline -0.005 -11"><span class='ocrx_word' id='word_1_414' title='bbox 1215 1753 1457 1798; x_wconf 80' lang='lat' dir='ltr'>copularetur,</span> <span class='ocrx_word' id='word_1_415' title='bbox 1479 1752 1687 1798; x_wconf 80' lang='lat' dir='ltr'>profitemur</span> <span class='ocrx_word' id='word_1_416' title='bbox 1714 1763 1819 1785; x_wconf 90' lang='grc'><strong>11113111</strong></span> <span class='ocrx_word' id='word_1_417' title='bbox 1841 1751 1945 1784; x_wconf 83' lang='lat' dir='ltr'>fuisse</span> <span class='ocrx_word' id='word_1_418' title='bbox 1964 1752 2037 1784; x_wconf 91' lang='lat' dir='ltr'>eius</span> 
     </span>
     <span class='ocr_line' id='line_1_69' title="bbox 1215 1809 2036 1854; baseline -0.002 -11"><span class='ocrx_word' id='word_1_419' title='bbox 1215 1817 1393 1850; x_wconf 88' lang='lat' dir='ltr'>naturam,</span> <span class='ocrx_word' id='word_1_420' title='bbox 1415 1811 1451 1844; x_wconf 87' lang='lat' dir='ltr'>id</span> <span class='ocrx_word' id='word_1_421' title='bbox 1477 1817 1526 1844; x_wconf 86' lang='lat' dir='ltr'>est</span> <span class='ocrx_word' id='word_1_422' title='bbox 1552 1810 1726 1847; x_wconf 60' lang='grc'><strong>(1111113111,</strong></span> <span class='ocrx_word' id='word_1_423' title='bbox 1749 1815 1870 1854; x_wconf 87' lang='lat' dir='ltr'>utpote</span> <span class='ocrx_word' id='word_1_424' title='bbox 1889 1809 1980 1854; x_wconf 85' lang='lat' dir='ltr'>patri</span> <span class='ocrx_word' id='word_1_425' title='bbox 2004 1815 2036 1842; x_wconf 86' lang='lat' dir='ltr'>et</span> 
     </span>
     <span class='ocr_line' id='line_1_70' title="bbox 1214 1865 2037 1914; baseline -0.004 -12"><span class='ocrx_word' id='word_1_426' title='bbox 1214 1869 1348 1914; x_wconf 83' lang='lat' dir='ltr'>spiritui</span> <span class='ocrx_word' id='word_1_427' title='bbox 1368 1874 1488 1902; x_wconf 90' lang='lat' dir='ltr'>sancto</span> <span class='ocrx_word' id='word_1_428' title='bbox 1506 1866 1856 1902; x_wconf 86' lang='lat' dir='ltr'>consubstantialem:</span> <span class='ocrx_word' id='word_1_429' title='bbox 1875 1865 1960 1899; x_wconf 87' lang='lat' dir='ltr'>duas</span> <span class='ocrx_word' id='word_1_430' title='bbox 1976 1876 2037 1899; x_wconf 86' lang='lat' dir='ltr'>au-</span> 
     </span>
     <span class='ocr_line' id='line_1_71' title="bbox 1214 1925 2037 1969; baseline -0.005 -10"><span class='ocrx_word' id='word_1_431' title='bbox 1214 1931 1282 1959; x_wconf 83' lang='lat' dir='ltr'>tem</span> <span class='ocrx_word' id='word_1_432' title='bbox 1306 1927 1379 1959; x_wconf 87' lang='lat' dir='ltr'>eius</span> <span class='ocrx_word' id='word_1_433' title='bbox 1402 1931 1542 1959; x_wconf 85' lang='lat' dir='ltr'>naturas</span> <span class='ocrx_word' id='word_1_434' title='bbox 1561 1925 1725 1962; x_wconf 80' lang='lat' dir='ltr'>dicimus,</span> <span class='ocrx_word' id='word_1_435' title='bbox 1748 1929 1933 1969; x_wconf 85' lang='lat' dir='ltr'>postquam</span> <span class='ocrx_word' id='word_1_436' title='bbox 1956 1934 2037 1956; x_wconf 89' lang='lat' dir='ltr'>nos-</span> 
     </span>
     <span class='ocr_line' id='line_1_72' title="bbox 1213 1982 2037 2026; baseline -0.002 -11"><span class='ocrx_word' id='word_1_437' title='bbox 1213 1988 1303 2016; x_wconf 90' lang='lat' dir='ltr'>tram</span> <span class='ocrx_word' id='word_1_438' title='bbox 1319 1983 1462 2016; x_wconf 70' lang='lat' dir='ltr'>adscivit</span> <span class='ocrx_word' id='word_1_439' title='bbox 1475 1982 1724 2016; x_wconf 85' lang='lat' dir='ltr'>substantiam:</span> <span class='ocrx_word' id='word_1_440' title='bbox 1743 1982 1787 2014; x_wconf 91' lang='lat' dir='ltr'>ita</span> <span class='ocrx_word' id='word_1_441' title='bbox 1807 1987 1843 2014; x_wconf 91' lang='lat' dir='ltr'>ut</span> <span class='ocrx_word' id='word_1_442' title='bbox 1862 1992 1941 2014; x_wconf 87' lang='lat' dir='ltr'>eum</span> <span class='ocrx_word' id='word_1_443' title='bbox 1957 1992 2037 2026; x_wconf 92' lang='lat' dir='ltr'>per-</span> 
     </span>
     <span class='ocr_line' id='line_1_73' title="bbox 1213 2038 2035 2083; baseline -0.004 -9"><span class='ocrx_word' id='word_1_444' title='bbox 1213 2040 1341 2074; x_wconf 84' lang='lat' dir='ltr'>fectum</span> <span class='ocrx_word' id='word_1_445' title='bbox 1368 2042 1401 2074; x_wconf 90' lang='lat' dir='ltr'>in</span> <span class='ocrx_word' id='word_1_446' title='bbox 1428 2041 1575 2078; x_wconf 87' lang='lat' dir='ltr'>deitate,</span> <span class='ocrx_word' id='word_1_447' title='bbox 1605 2040 1757 2083; x_wconf 84' lang='lat' dir='ltr'>itemque</span> <span class='ocrx_word' id='word_1_448' title='bbox 1781 2038 1973 2083; x_wconf 80' lang='lat' dir='ltr'>perfectum</span> <span class='ocrx_word' id='word_1_449' title='bbox 2000 2039 2035 2072; x_wconf 91' lang='lat' dir='ltr'>in</span> 
     </span>
     <span class='ocr_line' id='line_1_74' title="bbox 1213 2095 2035 2142; baseline -0.001 -11"><span class='ocrx_word' id='word_1_450' title='bbox 1213 2098 1426 2132; x_wconf 89' lang='lat' dir='ltr'>humanitate</span> <span class='ocrx_word' id='word_1_451' title='bbox 1439 2104 1472 2131; x_wconf 86' lang='lat' dir='ltr'>et</span> <span class='ocrx_word' id='word_1_452' title='bbox 1487 2098 1633 2130; x_wconf 88' lang='lat' dir='ltr'>sciamus</span> <span class='ocrx_word' id='word_1_453' title='bbox 1647 2102 1681 2130; x_wconf 90' lang='lat' dir='ltr'>et</span> <span class='ocrx_word' id='word_1_454' title='bbox 1696 2095 1968 2142; x_wconf 84' lang='lat' dir='ltr'>proclamemus:</span> <span class='ocrx_word' id='word_1_455' title='bbox 1982 2107 2035 2130; x_wconf 60' lang='lat' dir='ltr'>ve·</span> 
     </span>
     <span class='ocr_line' id='line_1_75' title="bbox 1213 2153 2034 2199; baseline -0.004 -10"><span class='ocrx_word' id='word_1_456' title='bbox 1213 2156 1264 2189; x_wconf 89' lang='lat' dir='ltr'>lut</span> <span class='ocrx_word' id='word_1_457' title='bbox 1289 2156 1392 2189; x_wconf 88' lang='lat' dir='ltr'>etiam</span> <span class='ocrx_word' id='word_1_458' title='bbox 1419 2166 1529 2188; x_wconf 89' lang='lat' dir='ltr'>uuum</span> <span class='ocrx_word' id='word_1_459' title='bbox 1551 2153 1662 2187; x_wconf 84' lang='lat' dir='ltr'>filium</span> <span class='ocrx_word' id='word_1_460' title='bbox 1684 2154 1903 2199; x_wconf 84' lang='lat' dir='ltr'>agnoscimus</span> <span class='ocrx_word' id='word_1_461' title='bbox 1921 2153 2034 2187; x_wconf 87' lang='lat' dir='ltr'>Iesum</span> 
     </span>
     <span class='ocr_line' id='line_1_76' title="bbox 1211 2210 2035 2247; baseline -0.002 0"><span class='ocrx_word' id='word_1_462' title='bbox 1211 2214 1384 2247; x_wconf 87' lang='lat' dir='ltr'>Christum</span> <span class='ocrx_word' id='word_1_463' title='bbox 1405 2225 1447 2247; x_wconf 79' lang='lat' dir='ltr'>ex</span> <span class='ocrx_word' id='word_1_464' title='bbox 1465 2211 1601 2246; x_wconf 87' lang='lat' dir='ltr'>duabus</span> <span class='ocrx_word' id='word_1_465' title='bbox 1619 2212 1742 2245; x_wconf 88' lang='lat' dir='ltr'>iisdem</span> <span class='ocrx_word' id='word_1_466' title='bbox 1763 2212 1911 2246; x_wconf 84' lang='lat' dir='ltr'>naturis:</span> <span class='ocrx_word' id='word_1_467' title='bbox 1930 2210 2035 2245; x_wconf 89' lang='lat' dir='ltr'>adeo-</span> 
     </span>
     <span class='ocr_line' id='line_1_77' title="bbox 1212 2269 2030 2316; baseline -0.004 -12"><span class='ocrx_word' id='word_1_468' title='bbox 1212 2283 1279 2316; x_wconf 89' lang='lat' dir='ltr'>que</span> <span class='ocrx_word' id='word_1_469' title='bbox 1304 2282 1414 2304; x_wconf 90' lang='lat' dir='ltr'>unum</span> <span class='ocrx_word' id='word_1_470' title='bbox 1432 2269 1587 2304; x_wconf 72' lang='lat' dir='ltr'>Verbum</span> <span class='ocrx_word' id='word_1_471' title='bbox 1611 2269 1769 2302; x_wconf 71' lang='lat' dir='ltr'>divinum</span> <span class='ocrx_word' id='word_1_472' title='bbox 1794 2269 2030 2308; x_wconf 81' lang='lat' dir='ltr'>incarnatum,</span> 
     </span>
     <span class='ocr_line' id='line_1_78' title="bbox 1212 2326 2032 2372; baseline -0.001 -10"><span class='ocrx_word' id='word_1_473' title='bbox 1212 2330 1304 2362; x_wconf 80' lang='lat' dir='ltr'>iuxta</span> <span class='ocrx_word' id='word_1_474' title='bbox 1323 2328 1416 2361; x_wconf 84' lang='lat' dir='ltr'>illius</span> <span class='ocrx_word' id='word_1_475' title='bbox 1435 2327 1741 2372; x_wconf 67' lang='lat' dir='ltr'>(Cyrilli)se1isu1n</span> <span class='ocrx_word' id='word_1_476' title='bbox 1761 2326 1976 2360; x_wconf 84' lang='lat' dir='ltr'>admittimus</span> <span class='ocrx_word' id='word_1_477' title='bbox 1995 2338 2032 2361; x_wconf 86' lang='lat' dir='ltr'>ac</span> 
     </span>
     <span class='ocr_line' id='line_1_79' title="bbox 1211 2383 2032 2431; baseline -0.002 -12"><span class='ocrx_word' id='word_1_478' title='bbox 1211 2385 1429 2431; x_wconf 84' lang='lat' dir='ltr'>profitemur.</span> <span class='ocrx_word' id='word_1_479' title='bbox 1447 2386 1517 2418; x_wconf 81' lang='lat' dir='ltr'>Nec</span> <span class='ocrx_word' id='word_1_480' title='bbox 1529 2395 1614 2417; x_wconf 61' lang='lat' dir='ltr'>vero</span> <span class='ocrx_word' id='word_1_481' title='bbox 1626 2395 1703 2417; x_wconf 85' lang='lat' dir='ltr'>cum</span> <span class='ocrx_word' id='word_1_482' title='bbox 1720 2384 1934 2417; x_wconf 89' lang='lat' dir='ltr'>incarnatum</span> <span class='ocrx_word' id='word_1_483' title='bbox 1949 2383 2032 2417; x_wconf 84' lang='lat' dir='ltr'>dici-</span> 
     </span>
     <span class='ocr_line' id='line_1_80' title="bbox 1211 2440 2031 2486; baseline -0.001 -11"><span class='ocrx_word' id='word_1_484' title='bbox 1211 2454 1305 2481; x_wconf 80' lang='lat' dir='ltr'>mus,</span> <span class='ocrx_word' id='word_1_485' title='bbox 1320 2442 1544 2475; x_wconf 84' lang='lat' dir='ltr'>substantiam</span> <span class='ocrx_word' id='word_1_486' title='bbox 1559 2440 1661 2474; x_wconf 85' lang='lat' dir='ltr'>aliam</span> <span class='ocrx_word' id='word_1_487' title='bbox 1674 2440 1898 2485; x_wconf 80' lang='lat' dir='ltr'>intelligimus</span> <span class='ocrx_word' id='word_1_488' title='bbox 1908 2466 1915 2480; x_wconf 90' lang='lat'>,</span> <span class='ocrx_word' id='word_1_489' title='bbox 1926 2452 2031 2486; x_wconf 86' lang='lat' dir='ltr'>quam</span> 
     </span>
    </p>
   </div>
   <div class='ocr_carea' id='block_1_5' title="bbox 420 2545 2028 2581">
    <p class='ocr_par' dir='ltr' id='par_1_8' title="bbox 420 2545 2028 2581">
     <span class='ocr_line' id='line_1_81' title="bbox 420 2545 2028 2581; baseline 0 -9"><span class='ocrx_word' id='word_1_490' title='bbox 420 2549 455 2578; x_wconf 67' lang='lat'>(1)</span> <span class='ocrx_word' id='word_1_491' title='bbox 475 2547 600 2573; x_wconf 74' lang='lat' dir='ltr'>Utuntur</span> <span class='ocrx_word' id='word_1_492' title='bbox 619 2546 687 2573; x_wconf 89' lang='lat' dir='ltr'>haec</span> <span class='ocrx_word' id='word_1_493' title='bbox 699 2546 793 2573; x_wconf 85' lang='lat' dir='ltr'>eadem</span> <span class='ocrx_word' id='word_1_494' title='bbox 810 2546 948 2573; x_wconf 88' lang='lat' dir='ltr'>locutione</span> <span class='ocrx_word' id='word_1_495' title='bbox 963 2546 1059 2573; x_wconf 81' lang='lat' dir='ltr'>Graeci</span> <span class='ocrx_word' id='word_1_496' title='bbox 1080 2547 1108 2573; x_wconf 91' lang='grc'>111</span> <span class='ocrx_word' id='word_1_497' title='bbox 1129 2547 1182 2573; x_wconf 88' lang='lat' dir='ltr'>alia</span> <span class='ocrx_word' id='word_1_498' title='bbox 1202 2546 1315 2581; x_wconf 88' lang='lat' dir='ltr'>epistola</span> <span class='ocrx_word' id='word_1_499' title='bbox 1330 2546 1364 2573; x_wconf 86' lang='lat' dir='ltr'>ad</span> <span class='ocrx_word' id='word_1_500' title='bbox 1379 2546 1540 2578; x_wconf 72' lang='lat' dir='ltr'>Armenios,</span> <span class='ocrx_word' id='word_1_501' title='bbox 1555 2546 1634 2573; x_wconf 87' lang='lat' dir='ltr'>cuius</span> <span class='ocrx_word' id='word_1_502' title='bbox 1653 2552 1703 2572; x_wconf 86' lang='lat' dir='ltr'>nos</span> <span class='ocrx_word' id='word_1_503' title='bbox 1717 2549 1840 2580; x_wconf 75' lang='lat' dir='ltr'>excerpta</span> <span class='ocrx_word' id='word_1_504' title='bbox 1862 2545 2028 2580; x_wconf 84' lang='lat' dir='ltr'>protulimus</span> 
     </span>
    </p>
   </div>
   <div class='ocr_carea' id='block_1_6' title="bbox 339 2591 925 2665">
    <p class='ocr_par' dir='ltr' id='par_1_9' title="bbox 339 2591 925 2665">
     <span class='ocr_line' id='line_1_82' title="bbox 339 2591 809 2626; baseline 0 -10"><span class='ocrx_word' id='word_1_505' title='bbox 339 2591 366 2617; x_wconf 85' lang='lat' dir='ltr'>in</span> <span class='ocrx_word' id='word_1_506' title='bbox 385 2591 478 2625; x_wconf 61' lang='lat' dir='ltr'>Spin-il.</span> <span class='ocrx_word' id='word_1_507' title='bbox 500 2599 568 2617; x_wconf 89' lang='lat' dir='ltr'>rom.</span> <span class='ocrx_word' id='word_1_508' title='bbox 590 2592 621 2617; x_wconf 90' lang='lat' dir='ltr'>T.</span> <span class='ocrx_word' id='word_1_509' title='bbox 642 2591 678 2616; x_wconf 85' lang='lat' dir='ltr'>X.</span> <span class='ocrx_word' id='word_1_510' title='bbox 700 2599 726 2626; x_wconf 51' lang='lat' dir='ltr'>p,</span> <span class='ocrx_word' id='word_1_511' title='bbox 747 2594 809 2617; x_wconf 74' lang='grc'><strong>446.</strong></span> 
     </span>
     <span class='ocr_line' id='line_1_83' title="bbox 419 2634 925 2665; baseline 0 -5"><span class='ocrx_word' id='word_1_512' title='bbox 419 2638 453 2665; x_wconf 61' lang='grc'>[21</span> <span class='ocrx_word' id='word_1_513' title='bbox 474 2635 542 2661; x_wconf 82' lang='lat' dir='ltr'>Heie</span> <span class='ocrx_word' id='word_1_514' title='bbox 560 2634 637 2661; x_wconf 82' lang='lat' dir='ltr'>deest</span> <span class='ocrx_word' id='word_1_515' title='bbox 655 2634 753 2661; x_wconf 90' lang='lat' dir='ltr'>folium</span> <span class='ocrx_word' id='word_1_516' title='bbox 774 2635 801 2661; x_wconf 90' lang='lat' dir='ltr'>in</span> <span class='ocrx_word' id='word_1_517' title='bbox 823 2634 925 2662; x_wconf 83' lang='lat' dir='ltr'>codice.</span> 
     </span>
    </p>
   </div>
   <div class='ocr_carea' id='block_1_7' title="bbox 419 2678 2029 2715">
    <p class='ocr_par' dir='ltr' id='par_1_10' title="bbox 419 2678 2029 2715">
     <span class='ocr_line' id='line_1_84' title="bbox 419 2678 2029 2715; baseline -0.001 -10"><span class='ocrx_word' id='word_1_518' title='bbox 419 2682 453 2709; x_wconf 62' lang='lat'>&lt;33</span> <span class='ocrx_word' id='word_1_519' title='bbox 476 2680 523 2705; x_wconf 83' lang='lat' dir='ltr'>Est</span> <span class='ocrx_word' id='word_1_520' title='bbox 535 2678 717 2705; x_wconf 84' lang='lat' dir='ltr'>duodecimus</span> <span class='ocrx_word' id='word_1_521' title='bbox 732 2679 827 2714; x_wconf 71' lang='lat' dir='ltr'>cyrilti</span> <span class='ocrx_word' id='word_1_522' title='bbox 841 2679 1089 2706; x_wconf 84' lang='lat' dir='ltr'>anathematismus</span> <span class='ocrx_word' id='word_1_523' title='bbox 1103 2680 1131 2706; x_wconf 91' lang='lat' dir='ltr'>in</span> <span class='ocrx_word' id='word_1_524' title='bbox 1153 2680 1227 2707; x_wconf 74' lang='lat' dir='ltr'>calce</span> <span class='ocrx_word' id='word_1_525' title='bbox 1246 2680 1378 2715; x_wconf 86' lang='lat' dir='ltr'>epistolae</span> <span class='ocrx_word' id='word_1_526' title='bbox 1397 2679 1432 2706; x_wconf 87' lang='lat' dir='ltr'>ad</span> <span class='ocrx_word' id='word_1_527' title='bbox 1444 2679 1618 2711; x_wconf 62' lang='lat' dir='ltr'>Nestorium,</span> <span class='ocrx_word' id='word_1_528' title='bbox 1634 2679 1704 2714; x_wconf 85' lang='lat' dir='ltr'>Opp.</span> <span class='ocrx_word' id='word_1_529' title='bbox 1722 2679 1752 2705; x_wconf 88' lang='lat' dir='ltr'>T.</span> <span class='ocrx_word' id='word_1_530' title='bbox 1768 2679 1801 2704; x_wconf 57' lang='lat' dir='ltr'>Y.</span> <span class='ocrx_word' id='word_1_531' title='bbox 1817 2682 1886 2713; x_wconf 88' lang='lat' dir='ltr'>part.</span> <span class='ocrx_word' id='word_1_532' title='bbox 1904 2681 1928 2704; x_wconf 72' lang='grc'>’2.</span> <span class='ocrx_word' id='word_1_533' title='bbox 1947 2686 1971 2712; x_wconf 85' lang='lat' dir='ltr'>p.</span> <span class='ocrx_word' id='word_1_534' title='bbox 1987 2681 2029 2704; x_wconf 81' lang='lat'>77.</span> 
     </span>
    </p>
   </div>
   <div class='ocr_carea' id='block_1_8' title="bbox 420 2722 1197 2754">
    <p class='ocr_par' dir='ltr' id='par_1_11' title="bbox 420 2722 1197 2754">
     <span class='ocr_line' id='line_1_85' title="bbox 420 2722 1197 2754; baseline 0.003 -5"><span class='ocrx_word' id='word_1_535' title='bbox 420 2726 453 2754; x_wconf 67' lang='lat'>{411</span> <span class='ocrx_word' id='word_1_536' title='bbox 475 2723 543 2749; x_wconf 82' lang='lat' dir='ltr'>lleie</span> <span class='ocrx_word' id='word_1_537' title='bbox 565 2723 620 2749; x_wconf 87' lang='lat' dir='ltr'>duo</span> <span class='ocrx_word' id='word_1_538' title='bbox 640 2723 766 2749; x_wconf 74' lang='lat' dir='ltr'>versiculi</span> <span class='ocrx_word' id='word_1_539' title='bbox 787 2727 853 2749; x_wconf 85' lang='lat' dir='ltr'>sunt</span> <span class='ocrx_word' id='word_1_540' title='bbox 875 2724 904 2749; x_wconf 90' lang='lat' dir='ltr'>iu</span> <span class='ocrx_word' id='word_1_541' title='bbox 926 2722 1019 2750; x_wconf 72' lang='lat' dir='ltr'>codice</span> <span class='ocrx_word' id='word_1_542' title='bbox 1038 2724 1197 2751; x_wconf 54' lang='lat' dir='ltr'>oblitterati-</span> 
     </span>
    </p>
   </div>
   <div class='ocr_carea' id='block_1_9' title="bbox 418 2767 2032 2847">
    <p class='ocr_par' dir='ltr' id='par_1_12' title="bbox 418 2767 2032 2847">
     <span class='ocr_line' id='line_1_86' title="bbox 422 2767 1264 2803; baseline 0.002 -10"><span class='ocrx_word' id='word_1_543' title='bbox 422 2770 455 2798; x_wconf 55' lang='lat'>,1-3}</span> <span class='ocrx_word' id='word_1_544' title='bbox 477 2767 563 2801; x_wconf 80' lang='lat' dir='ltr'>Epist.</span> <span class='ocrx_word' id='word_1_545' title='bbox 581 2768 630 2793; x_wconf 85' lang='lat'><em>111.</em></span> <span class='ocrx_word' id='word_1_546' title='bbox 647 2767 681 2793; x_wconf 89' lang='grc'>311</span> <span class='ocrx_word' id='word_1_547' title='bbox 704 2767 859 2794; x_wconf 53' lang='lat' dir='ltr'>Nestorium</span> <span class='ocrx_word' id='word_1_548' title='bbox 879 2776 941 2802; x_wconf 89' lang='lat' dir='ltr'>opp.</span> <span class='ocrx_word' id='word_1_549' title='bbox 959 2769 989 2794; x_wconf 80' lang='lat' dir='ltr'>T.</span> <span class='ocrx_word' id='word_1_550' title='bbox 1006 2769 1037 2794; x_wconf 65' lang='lat' dir='ltr'>Y.</span> <span class='ocrx_word' id='word_1_551' title='bbox 1054 2773 1121 2803; x_wconf 84' lang='lat' dir='ltr'>part.</span> <span class='ocrx_word' id='word_1_552' title='bbox 1140 2772 1165 2795; x_wconf 78' lang='lat'>2.</span> <span class='ocrx_word' id='word_1_553' title='bbox 1181 2777 1206 2803; x_wconf 88' lang='lat' dir='ltr'>p.</span> <span class='ocrx_word' id='word_1_554' title='bbox 1222 2772 1264 2795; x_wconf 73' lang='lat'>23.</span> 
     </span>
     <span class='ocr_line' id='line_1_87' title="bbox 418 2809 2032 2847; baseline 0 -11"><span class='ocrx_word' id='word_1_555' title='bbox 418 2814 451 2843; x_wconf 17' lang='lat' dir='ltr'>inti]</span> <span class='ocrx_word' id='word_1_556' title='bbox 472 2812 560 2846; x_wconf 81' lang='lat' dir='ltr'>Quem</span> <span class='ocrx_word' id='word_1_557' title='bbox 585 2816 703 2838; x_wconf 83' lang='lat' dir='ltr'>tractum</span> <span class='ocrx_word' id='word_1_558' title='bbox 727 2812 842 2847; x_wconf 67' lang='lat' dir='ltr'>virgulis</span> <span class='ocrx_word' id='word_1_559' title='bbox 865 2811 1064 2847; x_wconf 60' lang='lat' dir='ltr'>distinuuiums</span> <span class='ocrx_word' id='word_1_560' title='bbox 1089 2822 1151 2840; x_wconf 83' lang='lat' dir='ltr'>eum</span> <span class='ocrx_word' id='word_1_561' title='bbox 1175 2813 1297 2841; x_wconf 72' lang='lat' dir='ltr'>laudavit</span> <span class='ocrx_word' id='word_1_562' title='bbox 1318 2822 1348 2842; x_wconf 80' lang='lat' dir='ltr'>ex</span> <span class='ocrx_word' id='word_1_563' title='bbox 1375 2822 1425 2841; x_wconf 89' lang='lat' dir='ltr'>ms.</span> <span class='ocrx_word' id='word_1_564' title='bbox 1449 2813 1483 2840; x_wconf 87' lang='lat' dir='ltr'>cl.</span> <span class='ocrx_word' id='word_1_565' title='bbox 1507 2813 1650 2840; x_wconf 71' lang='lat' dir='ltr'>Aucherus</span> <span class='ocrx_word' id='word_1_566' title='bbox 1674 2813 1702 2839; x_wconf 86' lang='grc'>111</span> <span class='ocrx_word' id='word_1_567' title='bbox 1727 2812 1821 2839; x_wconf 86' lang='lat' dir='ltr'>adnot.</span> <span class='ocrx_word' id='word_1_568' title='bbox 1844 2811 1878 2838; x_wconf 90' lang='lat' dir='ltr'>ad</span> <span class='ocrx_word' id='word_1_569' title='bbox 1901 2809 2032 2837; x_wconf 84' lang='lat' dir='ltr'>Iohannis</span> 
     </span>
    </p>
   </div>
   <div class='ocr_carea' id='block_1_10' title="bbox 337 2853 765 2890">
    <p class='ocr_par' dir='ltr' id='par_1_13' title="bbox 337 2853 765 2890">
     <span class='ocr_line' id='line_1_88' title="bbox 337 2853 765 2890; baseline 0.009 -12"><span class='ocrx_word' id='word_1_570' title='bbox 337 2853 479 2881; x_wconf 67' lang='lat' dir='ltr'>‹miieusiS</span> <span class='ocrx_word' id='word_1_571' title='bbox 497 2862 653 2882; x_wconf 79' lang='lat' dir='ltr'>sermonem</span> <span class='ocrx_word' id='word_1_572' title='bbox 676 2864 701 2890; x_wconf 68' lang='lat' dir='ltr'>p,</span> <span class='ocrx_word' id='word_1_573' title='bbox 722 2859 765 2883; x_wconf 78' lang='lat'>33.</span> 
     </span>
    </p>
   </div>
  </div>
 </body>
</html>
