2239 3317
1873 205 1941 240 663

877 278 1065 322 INDEX
1097 278 1322 320 RERUM.

292 396 350 425 l'ln·
371 394 454 424 nulla
477 394 575 423 littera
597 395 654 428 esl,
673 390 852 428 intelligutur
876 389 1024 428 Cyrillus:
1046 388 1097 417 ubi
1118 388 1156 423 A,
1175 387 1370 416 Athanasius:
1392 386 1443 415 ubi
1465 386 1507 422 E,
1525 384 1668 414 Eusebius
1689 382 1918 412 alexandrinus:

422 444 472 472 ubi
495 444 535 479 G,
559 442 719 471 Germanus
740 438 1090 476 consumsozopolitanus.·
1106 437 1157 465 ubi
1180 438 1234 472 (ir,
1257 436 1413 473 Greqorius
1433 434 1643 464 antiochenus:
1663 433 1715 461 ubi
1736 433 1784 468 M,

476 492 641 529 Marlyrizts
657 488 866 518 antiochenas:
886 487 936 516 ubi
949 487 993 522 P,
1010 485 1178 523 Ρ(()1ο])[ία;
1194 484 1244 513 ubi
1263 484 1302 521 T,
1324 483 1489 513 Timotheus
1505 481 1729 511 aharamlrinus.

1019 593 1127 608 func:

658 681 681 705 A

260 744 365 800 Abba
378 771 440 806 Cyri
457 768 532 796 haud
547 767 640 803 procul
661 768 772 803 Canopo
790 766 920 800 ecclesia,
935 773 1010 794 nunc
1026 773 1076 801 pa-

313 822 364 849 gus
380 813 489 841 Abukir
506 820 532 846 p.
547 815 608 838 474.
626 810 691 838 adn.

260 859 377 885 Aeacius
395 856 538 882 Melitenes
558 856 700 890 episcopus
720 863 746 890 p.
765 858 824 882 105.

259 900 463 935 Acephalorum
482 900 602 927 haeresis
620 901 650 926 P.
668 908 694 934 p.
709 902 771 926 616.

260 944 359 971 Adami
371 952 471 971 nomen
482 952 531 970 eur
543 944 629 978 primo
641 944 746 970 homini
758 943 918 978 impositum
929 951 955 978 p.
966 945 1009 969 33.
1019 949 1077 977 seq.

260 987 360 1014 Adami
380 988 520 1022 sepultura
539 987 568 1014 iu
587 987 727 1014 Calvariae
747 991 840 1014 monte
858 988 892 1014 A.
907 995 934 1022 p.
950 990 1012 1013 577.

257 1033 340 1058 ‘amat
358 1033 408 1059 secl
420 1040 468 1067 pro
488 1033 543 1058 οὐδὲ
564 1039 652 1066 neque
670 1030 724 1064 (ad
742 1031 804 1058 Gal.
822 1031 844 1057 1.
861 1033 923 1063 17.)
942 1028 1080 1057 rarissima

315 1077 396 1104 lectio
417 1085 443 1111 p.
460 1080 504 1103 54.

263 1121 431 1148 Ambitiouis
451 1120 605 1154 obiurgatio
625 1127 652 1154 p.
666 1122 728 1146 243.
743 1122 804 1146 244.
819 1121 882 1146 281.
897 1121 958 1146 330.

261 1165 400 1191 Ambrosii
421 1165 482 1197 (S.)
501 1164 579 1191 locus
592 1172 623 1191 ex
636 1164 694 1191 eius
707 1162 850 1198 deperdita
865 1162 983 1198 symboli
999 1161 1083 1196 expli-

315 1209 437 1241 catione,
450 1208 492 1235 bis
507 1208 579 1243 apud
593 1216 657 1241 nos,
672 1208 700 1235 in
715 1208 847 1243 Panoplia
862 1214 960 1241 nempe
973 1215 999 1241 p.
1014 1209 1061 1233 621
1073 1227 1081 1239 ‚

315 1257 342 1279 et
355 1253 455 1287 Script.
470 1257 524 1279 tet.
538 1254 569 1279 T.
583 1253 644 1279 Vll.
658 1261 685 1288 p.
699 1256 725 1278 7.
740 1253 808 1279 Item
822 1252 852 1278 in
864 1251 996 1286 excerptis
1009 1250 1083 1286 apud

315 1298 519 1323 Damascenum
538 1305 601 1331 opp.
620 1297 651 1323 T.
670 1297 692 1323 I.
709 1305 735 1332 p.
754 1299 815 1323 423.
836 1296 976 1323 Nimirum
995 1295 1085 1322 extitit

316 1346 394 1369 vetus
405 1343 519 1377 χρήσεων
529 1362 535 1371 ,
548 1350 596 1369 seu
611 1341 832 1368 testimoniorum
847 1340 1083 1375 dogmaticorum,

316 1393 348 1412 ex
367 1385 492 1420 patribus
512 1385 637 1412 collectio
657 1384 829 1417 (cuiusmodi
846 1389 887 1411 est
905 1384 934 1410 in
954 1383 1015 1410 cod.
1029 1388 1082 1410 rat.

319 1432 415 1461 1431.)
431 1438 463 1457 ex
477 1437 531 1464 qua
547 1429 795 1456 controversiarum
809 1428 954 1463 scriptores
969 1432 996 1455 et
1010 1427 1086 1454 theo-

317 1474 372 1509 logi
392 1478 534 1509 tamquam
553 1482 584 1501 ex
603 1475 745 1501 communi
764 1474 824 1501 loco
843 1473 1017 1500 hauriebant.
1045 1478 1052 1484 ·

267 1521 357 1545 Amen
380 1518 535 1546 iusiurandi
558 1519 615 1546 vice
639 1512 765 1553 fungitur
788 1526 815 1553 p.
837 1521 897 1545 381.
920 1518 965 1544 Sic
987 1516 1087 1544 diserte

320 1562 393 1597 apud
403 1571 453 1589 nos
465 1563 494 1590 in
508 1563 706 1590 commentario
719 1562 830 1590 Eusebii
842 1562 877 1589 ad
886 1563 955 1589 Luc.
966 1562 1030 1588 XII.
1042 1564 1086 1588 36.

267 1607 480 1641 Amphilochius
499 1607 580 1633 Sidae
599 1607 744 1642 episcopus
764 1615 790 1641 p.
808 1610 866 1633 107.

268 1651 408 1676 Anastasii
417 1650 559 1677 cuiusdam
570 1650 756 1684 fragmentum
767 1650 801 1677 de
810 1657 938 1676 mamona
947 1651 978 1675 E.
989 1658 1015 1684 p.
1025 1652 1086 1676 521.

266 1692 392 1719 Andreas
410 1694 532 1728 capitula
549 1694 724 1720 orientalium
744 1694 854 1728 scripsit
870 1701 897 1728 p.
914 1697 973 1719 107.
988 1692 1051 1719 adn.

267 1736 368 1771 Angeli
390 1737 518 1764 custodes
540 1737 703 1770 hominum,
723 1737 885 1772 praesertim
908 1737 938 1763 in
960 1737 1089 1764 tentatio-

319 1781 403 1808 nibus
423 1790 449 1816 p.
467 1785 528 1809 155.

266 1824 367 1859 Angeli
380 1829 407 1852 et
419 1825 568 1852 daemones
585 1825 748 1853 deductores
765 1825 921 1852 animarum
933 1826 971 1852 M.
987 1833 1014 1861 p.
1028 1828 1089 1852 552.

268 1868 370 1902 Angeli
388 1867 598 1895 famulabantur
616 1869 705 1896 Verbo
725 1870 868 1896 incarnato
888 1877 914 1904 p.
929 1872 990 1896 438.

269 1911 441 1945 Angelorum
462 1912 644 1946 impeccantia
664 1912 798 1940 beneficio
819 1912 870 1939 Dei
888 1920 915 1947 p.
935 1915 992 1939 128.

269 1954 443 1988 Angelorum
463 1954 615 1982 multitudo
635 1956 753 1982 maxima
776 1963 802 1990 p.
818 1958 880 1982 299.
894 1959 956 1982 403.

270 1998 395 2033 Angelus
414 2006 569 2033 synagogae
589 1998 755 2025 Iudaeorum
778 2003 869 2026 custos
888 2007 914 2033 p.
932 2003 992 2026 313.

272 2043 390 2069 Animae
408 2047 508 2069 natura
528 2047 568 2069 est
587 2043 735 2070 ineffabilis
755 2045 788 2070 A.
805 2051 832 2078 p.
848 2045 911 2070 581.

273 2086 392 2112 Animae
411 2094 468 2113 non
486 2088 674 2121 praeexistunt
693 2087 854 2122 corporibus
872 2095 900 2122 p.
913 2090 976 2114 488.

275 2130 376 2156 Anima
389 2151 396 2163 ‚
416 2131 481 2165 quia
502 2138 558 2158 non
580 2131 728 2166 praeterit,
749 2131 858 2166 proprie
877 2131 1030 2158 substantia
1054 2135 1096 2159 est

330 2182 356 2208 p.
371 2177 432 2201 265.

276 2218 352 2244 Anni
371 2218 549 2253 acceptabilis
567 2219 665 2246 miram
686 2219 750 2246 fecit
768 2219 988 2255 explanationem
1006 2221 1095 2256 Cyril·

329 2261 373 2288 lus
393 2270 419 2297 p.
435 2267 495 2290 158.
510 2263 576 2290 adn.

277 2305 480 2341 Ἀνὲρωποτόκω
501 2307 716 2342 lzominz'param
743 2307 832 2335 dicere
853 2308 988 2342 Mariam,
1008 2317 1097 2344 neque

330 2352 518 2378 necessarium
533 2357 574 2379 est
586 2360 676 2387 neque
687 2352 754 2379 utile
766 2361 791 2387 p.
806 2355 865 2379 111.
878 2356 938 2380 112.
950 2353 1019 2380 Vide
1031 2353 1095 2383 adn,

331 2393 405 2420 Alibi
426 2398 517 2421 tamen
536 2404 593 2422 uon
611 2401 721 2423 recusat
740 2396 767 2423 id
787 2397 908 2432 Cyrillus
927 2405 953 2432 p.
970 2401 1012 2424 74.

274 2439 391 2465 Ἀπειδεῐ
404 2438 550 2466 lectionem
563 2440 637 2475 apud
650 2442 685 2468 Is.
698 2442 758 2468 ΠΙ.
772 2445 813 2468 16.
828 2441 948 2477 Cyrillus
960 2450 1022 2469 cum
1036 2442 1097 2470 aliis

333 2483 459 2518 sequitur
480 2491 505 2517 p.
521 2486 564 2510 46.

275 2527 445 2562 ’.κτήματος
465 2527 571 2561 passivo
590 2534 671 2554 sensu
691 2529 723 2554 E.
739 2536 766 2563 p.
779 2531 841 2556 525.

277 2572 331 2599 'Ax'
348 2573 462 2598 ἐναντίων
478 2579 527 2606 pl‘o
540 2573 688 2598 ‹imm-mim
703 2574 798 2605 (eant.
810 2575 857 2600 VI.
869 2577 895 2600 4.
905 2576 913 2607 )
925 2574 1033 2609 legebat
1045 2575 1097 2611 CJ-

330 2617 413 2644 rillus
433 2625 459 2651 p.
475 2620 537 2643 406.

279 2661 450 2696 Apollinaris
471 2661 642 2696 congruebat
665 2661 765 2696 partim
789 2669 850 2689 cum
874 2663 983 2690 Arianis
1005 2671 1031 2697 p.
1053 2665 1096 2690 56.

330 2705 480 2733 Refutatur
499 2714 524 2740 p.
539 2709 582 2732 49.
599 2709 642 2733 53.
660 2709 719 2732 110.
733 2706 763 2732 P.
778 2714 804 2741 p.
819 2709 880 2733 607.
894 2709 955 2733 615.
970 2710 1031 2734 626.

279 2750 405 2785 Apostoli
426 2754 454 2777 et
473 2750 604 2785 discipuli
626 2750 740 2777 Domini
762 2751 815 2777 iam
838 2750 969 2786 baptizati
990 2751 1100 2778 fuerant

333 2799 397 2822 ante
415 2795 498 2822 huius
518 2795 671 2830 passionem
692 2803 719 2830 p.
733 2798 795 2822 444.

282 2838 478 2874 Apostolorum
492 2840 606 2866 nomina
625 2847 687 2866 cum
701 2840 760 2866 suis
776 2839 977 2875 significatibus
994 2848 1022 2876 p.
1037 2843 1097 2868 192.

338 2886 396 2910 193.

1131 675 1277 710 Apostolos
1298 675 1364 701 XII.
1387 678 1514 707 tantum,
1535 677 1562 700 et
1583 673 1662 699 XIII.
1688 671 1805 699 Paulum
1830 669 1953 697 admittit

1184 720 1298 747 ecclesia
1318 727 1344 754 p.
1362 721 1421 746 190.

1128 764 1360 799 ‘Anao-roparisssw
1375 764 1460 794 (Luc.
1476 763 1526 788 Xl.
1542 763 1604 793 53.)
1619 760 1686 796 quid
1700 759 1837 793 significet
1850 767 1876 794 p.
1889 761 1950 785 286.

1132 809 1287 836 Arbitrium
1301 808 1422 835 hominis
1435 807 1553 834 liberum
1570 815 1595 841 p.
1610 809 1671 832 489.
1687 808 1748 832 491.
1763 808 1791 831 et
1802 805 1833 830 E.
1849 811 1875 838 p.
1890 805 1952 829 526.

1134 853 1325 887 Archangelus
1344 851 1497 879 credendus
1514 855 1568 883 est⁷
1583 851 1631 885 qui
1644 849 1697 876 fuit
1709 848 1865 884 pastoribus
1879 855 1954 874 nun-

1187 898 1246 925 cius
1266 905 1292 932 p.
1311 899 1369 924 128.

1134 942 1231 969 Ariani
1249 944 1407 975 arguuntur
1424 947 1450 975 p.
1466 943 1525 966 187.
1542 941 1603 965 205.
1620 941 1681 964 248.
1695 940 1757 964 251.
1774 939 1835 964 379.
1851 938 1911 963 424.
1927 939 1954 962 et

1187 986 1236 1013 Gr.
1252 988 1313 1012 563.
1327 986 1361 1011 A.
1376 987 1436 1010 574.
1451 986 1513 1009 578.
1530 983 1564 1010 G.
1579 985 1639 1009 590.
1657 983 1686 1007 P.
1701 984 1763 1007 640.

1136 1030 1231 1057 Ariani
1251 1034 1278 1056 et
1298 1028 1464 1055 Eunomiani
1485 1035 1511 1062 p.
1528 1030 1570 1054 15.
1586 1030 1630 1053 25.
1645 1029 1687 1053 56.
1705 1029 1747 1052 57.
1764 1028 1806 1051 71.

1136 1073 1231 1101 Ariani
1249 1078 1277 1100 et
1294 1072 1453 1100 Nestoriani
1473 1080 1498 1106 p.
1514 1075 1576 1098 290.

1136 1118 1232 1145 Ariani
1255 1117 1358 1144 Filium
1380 1117 1454 1143 inter
1474 1117 1584 1142 Patrem
1608 1120 1633 1142 et
1657 1119 1811 1149 creaturam
1835 1112 1957 1139 medium

1191 1161 1344 1197 ponebant,
1364 1161 1510 1195 ipsumque
1531 1160 1690 1194 apparuisse
1709 1163 1736 1185 ct
1754 1158 1878 1185 locutum
1900 1165 1958 1184 esse.

1191 1205 1355 1240 patriarchis
1374 1208 1456 1239 atque
1476 1204 1616 1238 prophetis
1637 1211 1662 1237 p.
1676 1206 1702 1230 6.

1132 1254 1251 1286 ’Ἄριστον
1271 1258 1320 1285 pro
1338 1250 1413 1285 ἄρτον
1434 1250 1518 1282 (Luc.
1533 1249 1608 1275 XIV.
1625 1250 1684 1279 15.)
1706 1256 1731 1282 p.
1749 1250 1809 1274 331.

1139 1295 1297 1323 Aristotelis
1312 1294 1437 1322 doctriua
1450 1294 1581 1321 recitatur
1596 1292 1629 1320 de
1641 1293 1796 1319 substantia
1812 1293 1841 1318 P.
1857 1300 1882 1326 p.
1896 1294 1957 1319 602.

1193 1344 1253 1367 (303.

1140 1385 1222 1412 Arius
1242 1384 1404 1410 divisionem
1425 1387 1451 1409 et
1470 1381 1655 1409 diversitatem
1675 1385 1756 1416 atque
1777 1381 1959 1416 inaequalita-

1193 1433 1248 1455 tem
1268 1428 1297 1454 in
1315 1427 1451 1454 Trinitate
1470 1425 1634 1453 adfirmabat
1653 1433 1680 1459 p.
1697 1428 1740 1452 30.

1143 1472 1225 1499 Arius
1237 1471 1357 1498 Verbum
1373 1469 1482 1497 dicebat
1499 1473 1638 1501 creatum,
1653 1469 1782 1504 idemque
1794 1468 1962 1504 adsumpsis-

1194 1523 1224 1542 se
1244 1522 1343 1550 corpus
1364 1513 1467 1548 absque
1487 1514 1579 1540 anima
1601 1513 1730 1540 rationali
1748 1514 1782 1539 A.
1798 1520 1824 1548 p.
1839 1515 1901 1540 583.

1142 1560 1273 1587 Arsacius
1284 1558 1603 1592 constantinopolitanus
1612 1560 1619 1589 (
1627 1557 1805 1591 intelligitur)
1813 1557 1852 1583 M.
1862 1565 1889 1592 p.
1899 1559 1960 1583 546.

1141 1606 1219 1641 ’Λρχ-νί
1240 1606 1348 1639 Χρ.στοῦ
1367 1604 1476 1638 σταυςός
1497 1605 1602 1637 1).127‚
1616 1606 1643 1628 et
1658 1610 1684 1636 p.
1698 1605 1759 1628 433.
1774 1601 1898 1636 Respicit
1911 1602 1963 1636 Cy—

1198 1650 1278 1676 rillus
1299 1649 1335 1676 ad
1357 1648 1492 1676 celebrem
1516 1646 1663 1673 lectionem
1687 1646 1787 1681 psalmi
1808 1647 1892 1673 XCV.
1914 1649 1964 1678 10,

1198 1695 1335 1720 Dominus
1351 1694 1484 1728 requae-it
1498 1700 1516 1718 a
1530 1691 1616 1726 liqut).
1635 1690 1710 1717 Malo
1725 1690 1817 1725 itaque
1830 1690 1964 1724 interpre-

1198 1738 1331 1764 tationem
1345 1736 1471 1764 vocabuli
1484 1737 1550 1771 ᾱρχη·
1560 1736 1761 1769 principatus,
1773 1738 1805 1761 ut
1816 1734 1911 1769 scripsi
1922 1742 1965 1761 se.-

1198 1780 1290 1808 cundo
1308 1781 1384 1814 loco,
1404 1789 1488 1816 quam
1508 1782 1638 1812 initium,
1656 1783 1688 1805 ut
1705 1779 1806 1813 priore.

1146 1824 1318 1860 Asclepiadis
1325 1825 1446 1860 episcopi
1454 1824 1585 1860 epistolae
1593 1823 1817 1858 supplementum
1827 1823 1857 1849 P.
1867 1830 1894 1857 p.
1904 1825 1964 1850 662.

1199 1869 1293 1897 adnot.

1147 1913 1324 1940 Astronomia
1344 1913 1531 1948 superstitiosa
1553 1911 1702 1939 damnatur
1718 1911 1749 1937 E.
1766 1918 1792 1945 p.
1807 1913 1869 1936 522.
1883 1912 1954 1945 seq.'

1148 1958 1293 1985 Athanasii
1312 1958 1375 1990 (S.)
1395 1957 1473 1984 loeus
1491 1965 1522 1984 ex
1542 1963 1667 1984 sermone
1685 1955 1719 1982 de
1738 1954 1792 1981 fide
1812 1955 1842 1981 P.
1861 1962 1887 1989 p.
1903 1957 1965 1982 633.

1200 2001 1281 2028 Alius
1305 2009 1337 2028 ex
1359 2009 1486 2028 sermone
1510 2000 1544 2027 de
1566 2000 1655 2027 verbis
1677 1999 1735 2026 illis
1756 1998 1879 2025 Verbum
1898 2007 1967 2025 caro

1194 2044 1311 2077 ιῘὶιεΐῑιηι
1330 2046 1380 2071 est.
1401 2045 1431 2070 P.
1447 2051 1474 2078 p.
1488 2047 1549 2070 648.

1149 2088 1257 2114 Atticus
1270 2087 1586 2122 constantinopolitanus
1600 2087 1799 2121 (intelligitur)
1810 2087 1849 2113 M.
1864 2094 1891 2122 p.
1905 2089 1966 2113 546.

1203 2140 1259 2167 seq.

1152 2177 1289 2204 Aubertus
1298 2176 1393 2212 Cyrilli
1404 2176 1539 2210 interpres
1549 2175 1713 2203 emendatur
1725 2183 1750 2210 p.
1762 2178 1822 2203 129.
1833 2178 1893 2203 130.
1903 2174 1967 2202 adn.

1151 2220 1289 2247 Avaritiae
1307 2220 1470 2255 vituperatio
1490 2228 1516 2255 p.
1531 2222 1591 2246 293.
1606 2223 1666 2247 340.
1682 2222 1742 2246 350.
1757 2222 1818 2246 352.

1549 2286 1570 2312 Β

1152 2355 1283 2389 Baptismi
1304 2354 1453 2381 necessitas
1472 2357 1499 2380 et
1519 2352 1625 2379 utilitas
1645 2360 1670 2387 p.
1685 2355 1746 2379 412.

1152 2399 1308 2434 Baptismus
1329 2406 1385 2425 non
1405 2398 1464 2424 sine
1483 2397 1648 2423 detrimento
1669 2396 1798 2423 differtur
1817 2404 1843 2431 p.
1862 2399 1921 2423 149.

1152 2443 1310 2478 Baptismus
1329 2443 1399 2478 typis
1419 2442 1448 2469 in
1468 2442 1529 2476 lege
1549 2441 1685 2475 figuratus
1706 2449 1732 2476 p.
1748 2444 1810 2468 278.

1152 2488 1274 2523 Baptista
1292 2495 1348 2514 non
1368 2486 1513 2522 ignorabat
1532 2487 1707 2513 incarnatum
1726 2485 1848 2512 Verbum
1866 2493 1892 2522 p.
1906 2489 1968 2513 208.

1205 2535 1266 2558 210.

1152 2576 1274 2611 Baptista
1292 2574 1500 2611 praenuntiasse
1520 2573 1614 2601 inferis
1633 2573 1734 2600 Christi
1746 2572 1895 2601 adrentum
1914 2581 1971 2600 non

1205 2620 1311 2648 videtur
1329 2619 1433 2656 Cyrillo
1452 2627 1478 2654 p.
1495 2622 1555 2645 209.

1153 2664 1289 2699 Baptizari
1308 2664 1412 2699 Spiritu
1430 2667 1527 2691 sancto
1540 2667 1566 2689 et
1580 2663 1644 2697 igne
1657 2661 1723 2697 quid
1737 2662 1771 2689 sit
1792 2670 1817 2697 p.
1835 2665 1893 2689 146.
1909 2665 1971 2689 307.

1153 2709 1267 2736 Barbari
1286 2712 1294 2741 ιζ
1302 2712 1334 2736 ut
1352 2709 1382 2735 in
1402 2706 1588 2735 monumentis
1607 2705 1746 2739 videmus)
1761 2706 1877 2733 calceari
1896 2706 1970 2734 soliti

1208 2761 1233 2788 p.
1251 2756 1309 2780 145.

1153 2797 1248 2824 Basilii
1261 2797 1304 2829 (S.
1315 2799 1323 2829 )
1334 2796 1412 2824 locus
1425 2795 1458 2823 de
1470 2796 1574 2830 Spiritu
1586 2799 1681 2823 sancto
1696 2799 1816 2822 creatore
1828 2796 1858 2822 P.
1871 2803 1897 2830 p.
1909 2798 1970 2822 633.

1153 2841 1272 2868 Basilius
1284 2848 1400 2876 magnus
1409 2840 1519 2875 scripsit
1529 2839 1756 2868 commentarium
1767 2861 1773 2873 ‚
1784 2839 1825 2867 vel
1836 2843 1908 2867 certe
1918 2847 1972 2867 ser·

1205 2893 1331 2919 monem,
1347 2885 1377 2912 in
1396 2885 1501 2912 Lucam
1519 2892 1546 2920 p.
1560 2886 1621 2912 493.
