2326 3362
319 215 366 238 XII

721 276 993 314 VOLUMINE
1020 275 1397 317 CONTINENTUR
1426 279 1574 318 HAEC.

994 396 1026 418 IN
1052 397 1157 419 PARTE
1182 397 1302 420 Pmoun

588 497 621 530 S.
661 497 901 531 CYRILLI
938 497 1358 533 ALEXANDRINI
1396 499 1709 534 OPLTSCULA.

316 626 340 657 I.
428 625 476 658 De
501 631 711 658 sacrosancta
737 631 771 658 et
794 624 928 659 vivifica
953 626 1115 660 Trinitate
1141 626 1286 671 capitula
1305 628 1455 661 XXVlll.
1480 638 1514 672 p.
1541 628 1641 661 1-31.

313 682 357 714 II.
426 681 473 714 De
500 682 733 715 lncarnatione
757 682 895 716 Domini
923 683 1031 716 nostri
1057 684 1131 717 Iesu
1157 684 1279 717 Christi
1306 684 1454 730 capitula
1474 686 1606 718 XXXV.
1629 696 1664 730 p.
1687 684 1819 718 32:75.

314 739 370 771 III.
425 738 524 778 Quod
551 737 647 772 brata
672 739 776 772 Maria
802 739 845 773 sit
869 739 1030 784 deipara,
1055 751 1169 773 sermo
1194 739 1247 773 vel
1274 742 1388 786 potius
1414 747 1575 775 tractatus
1594 753 1629 786 p.
1652 741 1806 775 75-100.

312 796 367 828 IV.
424 795 584 840 Dialogus
609 795 822 840 dogmaticus
847 796 966 841 Cyrilli
993 808 1069 830 cum
1096 797 1254 831 Nestorio
1281 808 1316 841 p.
1342 799 1518 832 tol-101».

313 853 350 884 V.
424 852 594 897 Epistolae
618 858 767 897 quatuor
792 852 902 891 Rufo,
927 853 1191 898 Amphilocffio,
1211 859 1245 886 et
1269 854 1416 888 Maximo
1441 866 1477 900 p.
1505 855 1680 889 105—108.

311 909 365 941 VI.
423 908 571 942 llomilia
597 909 640 942 de
666 910 902 943 Incarnatione
928 910 986 943 Dei
1006 909 1109 943 Verbi
1137 921 1171 955 p.
1197 911 1370 944 109-112.

311 965 380 997 VII.
425 966 572 998 llomilia
598 965 713 999 brevis
739 972 817 1011 post
839 966 1034 999 Nestorium
1059 966 1205 1000 eiectum
1231 978 1266 1012 p.
1292 967 1467 1001 113-114.
1497 968 1694 1002 Subtexitur
1719 969 1892 1015 catalogus
1918 969 1983 1003 ho-

422 1022 593 1055 miliarum
619 1022 736 1067 Cyrilli
763 1022 1034 1068 deperditarum.

308 1079 394 1112 vul.
420 1080 692 1113 Commentarius
717 1081 751 1113 in
777 1081 886 1114 Lucae
912 1080 1127 1125 evangelium
1154 1092 1188 1126 p.
1214 1080 1387 1114 111-424.

308 1137 364 1169 IX.
422 1136 596 1170 Adversus
622 1136 809 1170 haereticos
835 1138 1047 1182 Synusiastas
1073 1137 1260 1182 fragmenta
1278 1138 1349 1170 XV.
1372 1149 1406 1183 p.
1428 1139 1606 1172 4243-451.

307 1194 348 1225 X.
420 1193 592 1227 Adversus
617 1193 808 1227 Diodorum
831 1201 864 1228 et
888 1194 1107 1228 Theodorum
1135 1194 1323 1239 fragmenta
1341 1195 1460 1228 XXIV.
1484 1207 1518 1240 p.
1541 1196 1724 1230 451-455.

307 1251 363 1283 Xl.
420 1251 458 1284 In
483 1251 706 1289 Martha-sum,
727 1252 871 1290 Lucam,
894 1257 926 1285 ct
951 1252 1093 1285 Paulum
1121 1252 1311 1297 fragmenta
1333 1252 1405 1285 VII.
1428 1263 1462 1297 p.
1485 1252 1663 1286 455-456.

306 1308 379 1340 Xll.
421 1308 458 1340 In
485 1308 658 1341 Canticum
683 1307 875 1341 Salomonis
899 1315 1012 1354 partes
1037 1310 1272 1343 commentarii
1295 1321 1330 1355 p.
1353 1310 1530 1342 457-467.

304 1365 394 1398 XIII.
418 1365 455 1396 In
481 1362 677 1408 proverbia,
699 1364 892 1405 Danielem,
913 1371 947 1399 et
972 1372 1091 1400 contra
1117 1366 1446 1412 pneumatomachos
1471 1365 1662 1412 fragmenta
1688 1377 1723 1411 p.
1748 1365 1926 1400 itm-468.

305 1422 390 1454 XIV.
416 1421 563 1454 Homilia
588 1421 630 1454 de
656 1420 822 1466 parabola
846 1422 1042 1467 evangelica
1067 1423 1184 1456 vineae
1210 1434 1246 1468 p.
1270 1424 1447 1457 469-471.

305 1479 374 1510 XV.
415 1479 463 1510 De
489 1478 544 1510 SS.
566 1477 774 1522 martyribus
799 1478 889 1522 Cyro
914 1485 947 1512 et
973 1479 1125 1512 Iohanne
1150 1480 1396 1514 conciunculae
1422 1487 1492 1514 tres
1517 1491 1553 1525 p.
1575 1480 1756 1513 472-2475.

304 1534 387 1567 XVI.
413 1534 577 1579 Exccrpta
601 1534 695 1568 varia
713 1534 795 1567 LIV.
818 1546 853 1580 p.
875 1535 1055 1569 476-492.
1085 1534 1348 1582 Subiunguntur
1366 1536 1557 1581 fragmenta
1583 1537 1647 1569 tria
1669 1535 1864 1573 Athanasii,
1884 1535 1977 1568 Basi—

412 1590 467 1627 lii.
490 1589 562 1623 loli.
584 1591 819 1635 Chrysostomi
845 1603 881 1637 p.
904 1592 987 1625 493.

303 1647 585 1681 xx·11.Adversus
602 1648 788 1682 Eunuchos
806 1648 952 1683 invectio
972 1659 1007 1694 p.
1028 1648 1206 1681 hat-497.
1229 1646 1464 1682 Subtexuntur
1484 1648 1602 1693 cyrilli
1621 1649 1765 1682 iunioris
1784 1648 1974 1694 fragmenta

412 1703 482 1737 ‹luo
507 1715 541 1749 p.
565 1704 742 1737 -2-97-498.

937 1835 970 1857 ix
996 1835 1100 1858 PARTE
1126 1835 1326 1858 Posrmuomz

723 1934 954 1966 PATRUM
992 1935 1243 1967 ALIORUM
1280 1936 1534 1967 SCRIPTA.

299 2048 414 2081 XVIII.
441 2047 574 2082 Eusebii
601 2048 811 2083 alexandrini
837 2061 950 2085 sermo
976 2051 1019 2085 de
1045 2051 1266 2096 eleemosyna
1293 2063 1328 2097 p.
1351 2052 1528 2086 501-522.

298 2105 384 2138 XlX.
438 2106 596 2139 Eiusdem
622 2118 734 2140 sermo
761 2106 805 2141 de
831 2110 1041 2142 astronomis
1067 2120 1102 2154 p.
1129 2109 1307 2143 522-528.
1336 2109 1486 2143 Additur
1510 2109 1630 2143 notitia
1657 2108 1807 2143 duorum
1833 2108 1969 2142 Eusebii

436 2173 582 2195 emeseni
608 2174 819 2198 sermonum.

297 2218 367 2250 XX.
440 2218 619 2252 Alexandri
654 2221 866 2265 patriarchae
893 2222 1106 2257 alexandrini
1136 2234 1250 2257 sermo
1282 2235 1321 2257 ex
1353 2223 1488 2269 syriaco
1513 2223 1630 2257 codice
1658 2223 1807 2268 (saeculi
1833 2223 1968 2267 octavi)

439 2286 472 2319 p.
500 2275 673 2309 531-5-20.

294 2332 381 2365 XXI.
435 2332 598 2366 Timothei
625 2335 840 2379 patriarchae
865 2336 1075 2371 alexandrini
1101 2349 1216 2372 sermo
1241 2345 1275 2372 et
1300 2338 1491 2384 fragmenta
1518 2349 1553 2383 p.
1577 2338 1754 2371 541-5144.

293 2389 397 2421 XXII.
437 2390 586 2434 λίπῃ-Γῆ
614 2392 823 2436 patriarchae
849 2394 1041 2428 antiocheni
1069 2407 1148 2441 pars
1173 2397 1344 2430 sermonis
1368 2395 1412 2429 de
1434 2396 1516 2429 divo
1539 2395 1786 2440 Chrysostomo
1813 2401 1968 2429 contem-

436 2446 545 2490 porali
571 2458 652 2485 suo,
674 2454 706 2481 et
732 2449 958 2493 fragmentum
986 2452 1028 2485 (le
1054 2453 1186 2487 animae
1212 2454 1305 2487 exitu
1332 2465 1367 2499 p.
1392 2454 1569 2486 525-552.

292 2503 412 2535 XXIII.
435 2504 588 2547 Gregorii
615 2506 827 2549 patriarchae
846 2508 1035 2542 antiocheni
1056 2521 1169 2544 sermo
1195 2511 1293 2556 prior
1311 2511 1355 2544 de
1373 2510 1497 2544 Christi
1524 2510 1703 2556 baptismo
1730 2523 1764 2556 p.
1788 2511 1970 2545 553—550.

291 2559 408 2592 XXIV.
434 2559 594 2593 Eiusdem
620 2572 732 2595 sermo
758 2563 844 2596 alter
871 2564 912 2597 (le
939 2574 1141 2610 argumento
1166 2567 1289 2601 eodem
1316 2579 1350 2613 p.
1375 2568 1556 2601 557-565.

292 2616 390 2648 XXV.
436 2617 610 2650 Athanasii
636 2619 749 2663 magni
774 2627 930 2666 excerpta
957 2625 1192 2659 commentarii
1218 2626 1253 2658 in
1278 2626 1405 2658 Lucam
1432 2637 1466 2670 p.
1490 2624 1668 2658 567-584.

294 2671 405 2704 XXVI.
433 2673 590 2707 Germani
611 2674 636 2706 I.
660 2675 868 2719 patriarchae
890 2681 1252 2726 constantinopolitani
1278 2682 1422 2728 epistola
1447 2681 1619 2726 encyclica
1645 2681 1689 2715 ad
1714 2680 1893 2715 Armenios
1919 2673 1963 2706 dc

431 2729 473 2761 (le
499 2729 566 2763 fide
592 2730 783 2765 orthodoxa
812 2743 845 2777 p.
871 2734 1043 2770 585-594.

291 2784 591 2831 xxvihpamjplia
618 2787 830 2833 dogmatica,
852 2802 928 2824 cuni
950 2793 1080 2827 insertis
1105 2797 1226 2835 variis,
1251 2803 1283 2831 et
1310 2797 1511 2842 praesertim
1533 2796 1655 2830 Gelasii
1682 2795 1705 2828 1.
1727 2790 1788 2822 PP·
1811 2786 1960 2832 epistola

434 2843 602 2887 encyclica
630 2856 663 2890 p.
688 2847 866 2881 595-662.
