2219 3322
300 220 370 254 664
1094 232 1192 256 lxnex

293 286 442 313 Beelamon
462 286 584 323 Cyrillus
605 286 722 321 explicat
741 287 771 312 in
791 284 972 312 credentibus
990 292 1017 320 p.
1033 287 1096 314 467.

294 332 430 360 Beneficia
450 333 500 359 Dei
521 332 684 366 multiplicia
703 334 902 357 enumerantur
921 339 948 366 p.
964 334 1007 358 36.

292 378 434 404 Beneficos
450 378 533 409 (Luc.
549 377 641 403 XXII.
656 378 718 407 25.)
733 374 846 402 nonnisi
861 374 1007 401 adulanter
1018 383 1033 402 a
1048 374 1113 402 sub-

345 420 410 447 ditis
429 425 539 447 vocatos
559 419 710 454 principes,
731 419 770 445 ait
789 418 909 454 Cyrillus
927 426 954 453 p.
969 422 1030 445 418.

290 464 466 499 Blasphemia
482 463 509 490 in
525 463 657 497 ¹<pit-itum
673 467 801 489 sanctum
819 462 851 489 fit
863 462 949 490 simul
964 467 1059 490 contra
1074 467 1113 491 to-

345 513 400 535 tam
422 507 543 534 divinam
562 510 692 533 naturam
712 515 738 541 p.
755 509 816 534 291.

291 552 439 579 Brachium
449 551 477 577 in
488 551 595 577 cantico
606 550 853 589 mariano-denotat
862 551 1004 579 Christum
1014 560 1030 587 p
1047 556 1111 579 117.

345 597 413 623 Item
433 603 459 630 p.
475 598 538 621 4¹58.
1002 621 1004 628 y

290 639 404 675 Buthyri
429 639 542 666 nomine
567 639 610 666 lac
634 639 788 675 virgineum
813 647 864 667 our
887 640 1006 675 appellet
1028 642 1113 669 isaias

344 692 371 719 p.
389 686 448 710 126.

693 751 714 777 C

290 816 447 844 Caelibatus
457 816 604 851 religiosus
614 817 645 842 E.
660 824 687 851 p.
697 819 759 843 527.
772 816 932 844 Caelibatiis
944 817 1004 844 laus
1014 825 1040 852 p.
1050 821 1112 844 403.

291 861 420 889 Camelus
439 861 523 893 (Luc.
538 862 643 887 XVIII.
657 863 701 887 25.
711 857 724 892 )”
739 869 796 887 non
808 861 910 888 animal
930 862 1113 897 intelligitur,

343 905 391 933 sed
412 905 523 932 navium
544 913 653 932 crassus
672 904 776 932 rudens
795 913 821 940 p.
837 909 897 933 380.

290 951 386 977 Canon
405 950 629 977 hermeneuticus
649 958 675 984 p.
691 952 735 976 91.

290 995 436 1021 Canticum
449 994 606 1021 Salomonis
626 995 742 1030 mystice
761 998 851 1021 totum
870 995 1016 1030 explicavit
1028 995 1115 1032 Cyril-

344 1039 388 1065 lus
408 1047 433 1073 p.
449 1042 511 1065 457.
525 1047 602 1073 seqq.

287 1083 393 1109 Caritas
416 1083 443 1108 in
465 1083 554 1109 Deum
575 1083 636 1109 sine
658 1083 772 1109 caritate
793 1090 859 1117 erga
880 1083 1036 1118 proximum
1057 1092 1114 1111 non

340 1127 466 1154 consistit
486 1135 512 1162 p.
530 1130 591 1155 257.

288 1173 427 1200 castitatis
446 1176 541 1199 votum
560 1172 734 1205 inviolabile,
748 1172 866 1207 ideoque
879 1181 936 1200 non
949 1173 1008 1200 sine
1027 1174 1113 1200 multa

341 1215 561 1243 consideratione
581 1215 740 1242 faciendum
761 1217 791 1242 E.
809 1224 836 1250 p.
851 1219 913 1242 527.

288 1260 501 1286 Catechumenis
521 1260 650 1295 mysteria
670 1268 727 1286 non
748 1259 942 1294 pandebantur
961 1268 988 1294 p.
1008 1263 1070 1287 305.

288 1303 523 1330 Chalcedonensis
543 1303 655 1330 concilii
674 1297 930 1338 copiosa'defensio
949 1305 979 1330 P.
1001 1313 1026 1339 p.
1048 1308 1111 1331 646-

341 1356 398 1383 seq.
421 1349 489 1375 Item
506 1357 531 1383 p.
549 1352 609 1375 650.
624 1357 680 1383 seq.
697 1349 774 1383 Quos
793 1348 946 1376 haereticos
965 1348 1115 1376 damnare-

342 1393 378 1419 rit
398 1393 427 1418 P.
446 1401 471 1427 p.
486 1396 548 1419 660.

292 1437 526 1464 Chalcedonensis
539 1436 664 1464 definitio
677 1436 710 1464 de
723 1436 832 1464 duabus
844 1436 945 1464 Christi
959 1437 1066 1464 naturis
1077 1437 1112 1464 G.

342 1491 368 1517 p.
385 1485 446 1509 589.
469 1483 538 1509 Item
553 1483 724 1509 oecumenici
743 1483 837 1517 quinti
857 1482 983 1514 concilii,
999 1481 1112 1508 ibidem.

288 1526 452 1553 (λιι-15010115
471 1531 677 1553 sacramentum
698 1534 724 1561 p.
739 1529 802 1553 465.

288 1571 439 1598 Christiani
460 1579 516 1598 non
536 1575 615 1604 sunt,
630 1570 678 1606 qui
692 1570 774 1598 verba
794 1574 821 1597 et
839 1571 942 1605 scripta
957 1578 1021 1597 cum
1042 1574 1112 1597 tem-

341 1615 454 1650 poribus
477 1619 586 1642 mutant
605 1617 638 1642 A.
654 1623 680 1650 p.
697 1618 758 1642 583.

291 1659 393 1687 Christi
412 1660 462 1687 Dei
484 1664 511 1687 et
530 1659 650 1687 hominis
670 1659 832 1687 oeconomia
854 1662 980 1686 accurate
1001 1658 1114 1693 exponi-

342 1708 387 1731 tur
409 1704 437 1730 in
461 1704 570 1731 duobus
593 1704 722 1739 Gregorii
746 1703 906 1731 antiocheni
929 1703 1112 1730 sermonibus.

288 1748 389 1775 Christi
409 1748 536 1776 divinitas
548 1757 574 1783 p.
592 1751 653 1775 115.
670 1751 731 1775 119.
748 1750 806 1775 125.
823 1751 883 1774 126.
900 1750 959 1774 128.
978 1751 1036 1774 134.
1052 1749 1111 1773 135.

344 1796 404 1819 136.
426 1796 639 1820 138.145.155.
660 1795 798 1819 156.157.
818 1794 954 1818 170.178.
973 1794 1032 1816 187.
1048 1793 1111 1816 205.

341 1839 404 1863 225.
419 1839 480 1863 234.
502 1839 564 1862 235.
579 1839 641 1862 240.
658 1839 718 1862 248.
740 1838 803 1862 250.
818 1838 879 1862 260.
896 1837 957 1860 271.
973 1837 1034 1860 289.
1050 1836 1111 1860 380.

342 1884 403 1908 384.
419 1884 480 1907 387.
503 1883 562 1907 394.
579 1883 638 1907 396.
654 1883 715 1906 405.
737 1882 798 1906 415.
812 1882 875 1905 420.
889 1881 949 1905 435.
964 1880 1027 1904 479.
1047 1881 1108 1904 481.

341 1927 403 1951 482.
417 1927 479 1951 483.
501 1927 562 1950 485.
584 1925 654 1950 Item
673 1925 707 1950 A.
723 1926 784 1950 567.
805 1930 863 1958 seq.
883 1925 945 1948 572.
966 1924 1028 1948 574.
1049 1924 1111 1947 575.

341 1972 403 1995 581.
417 1971 479 1995 582.
494 1971 555 1995 5823.
570 1971 631 1994 584.

290 2013 393 2041 Christi
407 2013 565 2049 genealogia
575 2034 582 2045 ‚
594 2020 642 2040 seu
655 2012 747 2047 potius
761 2009 904 2045 cognatio,
916 2010 946 2036 in
959 2008 1113 2043 fragmento

343 2058 417 2094 quod
437 2057 597 2085 inscribitur
617 2056 721 2093 Cyrillo
742 2064 769 2091 p.
783 2058 845 2082 484.

289 2103 391 2130 Christi
412 2103 555 2129 humilitas
575 2103 623 2129 Gr.
639 2109 665 2136 p.
680 2103 742 2128 553.
757 2107 833 2135 seqq.

289 2147 392 2174 Christi
412 2145 597 2173 mansuetudo
618 2154 643 2181 p.
663 2148 722 2172 188.

290 2190 393 2217 Christi
413 2190 546 2217 miracula
568 2198 594 2224 p.
611 2193 654 2216 64.

289 2235 390 2262 Christi
404 2235 498 2262 missio
512 2238 538 2261 et
550 2235 646 2261 unctio
658 2233 826 2268 intelligitur
839 2231 872 2259 de
885 2231 996 2258 homine
1010 2239 1035 2266 p.
1049 2233 1110 2257 157.

289 2279 391 2306 Christi
411 2287 513 2306 nomen
533 2278 600 2313 quid
620 2278 732 2305 denotet
750 2278 780 2304 P.
797 2285 823 2312 p.
839 2280 899 2303 631.

290 2323 392 2351 Christi
413 2324 504 2358 passio
523 2323 676 2349 voluntaria
697 2331 723 2357 p.
745 2325 787 2349 65.
804 2324 864 2348 162.
886 2324 947 2348 383.
966 2322 1027 2346 424.
1048 2321 1110 2345 425.

342 2371 404 2396 427.
426 2369 474 2396 Gr.
497 2377 523 2403 p.
538 2371 598 2395 561.
622 2369 655 2394 Et
673 2367 786 2403 quidem
805 2374 854 2402 pro
873 2365 991 2401 peccatis
1010 2364 1112 2391 nostris

344 2416 501 2448 p.66.62

290 2457 392 2484 Christi
413 2456 566 2483 resuscitati
590 2463 689 2490 corpus
710 2454 807 2481 habuit
830 2455 972 2490 πλήρωσιν,
992 2460 1048 2479 non
1070 2453 1111 2478 κέ-

344 2512 416 2528 νωσιν
436 2509 462 2536 p.
477 2505 538 2528 443.
560 2499 661 2527 Confer
681 2499 754 2526 dicta
774 2507 789 2526 a
809 2499 890 2526 nobis
911 2499 937 2525 in
959 2497 1051 2525 indice
1072 2497 1110 2524 al-

345 2546 432 2574 terius
454 2547 522 2573 tomi
542 2545 688 2581 cyrilliani.

292 2591 392 2618 Christi
411 2592 504 2617 unitas
524 2591 553 2616 Ρ,
569 2598 595 2624 p.
609 2592 670 2616 658.
687 2592 713 2616 et
730 2588 833 2623 passim
847 2586 920 2622 apud
932 2586 1066 2622 Cyrillum
1086 2592 1113 2614 et

344 2635 412 2662 alios
432 2635 460 2661 in
480 2634 531 2661 hoc
551 2633 699 2660 volumine..

291 2679 394 2706 Christi
405 2677 483 2705 verba
496 2682 523 2704 et
533 2678 603 2704 actio
616 2676 798 2708 (Luexxtt.
808 2678 866 2706 199,Ι
876 2674 1013 2709 exemplar
1023 2673 1112 2700 01101-

346 2723 421 2749 mula
435 2723 515 2749 nobis
528 2726 593 2749 sunt
607 2720 796 2748 conficiendae
815 2719 994 2747 eucharistiae
1009 2727 1035 2753 p.
1049 2722 1110 2745 414.

291 2767 392 2793 Christi
412 2767 481 2793 vitae
502 2766 685 2793 summarium
708 2773 733 2800 p.
750 2768 794 2792 63.

272 2814 275 2815 ’
293 2810 394 2836 (11111511
415 2810 540 2836 voluntas
560 2814 585 2835 et
605 2809 726 2843 operatio
745 2807 846 2843 duplex
864 2808 898 2834 G.
914 2815 939 2842 p.
954 2810 1015 2834 591.
1030 2815 1085 2842 seq.

293 2854 403 2880 Christo
430 2854 569 2888 quomodo
595 2853 749 2880 voluntaria
775 2857 802 2880 et
826 2851 1012 2879 involuntaria
1040 2860 1112 2879 mors

347 2896 427 2927 suerit
451 2905 476 2932 p.
490 2900 551 2923 427.
567 2900 627 2924 483.

1168 286 1277 314 Christo
1296 286 1467 314 voluntariae
1481 286 1597 314 fuerunt
1607 287 1736 324 physicae
1754 289 1929 317 necessitates
1943 293 1987 317 at-

1221 339 1272 366 que
1292 330 1433 365 passiones
1453 338 1481 365 p.
1497 334 1556 358 104.
1574 335 1633 358 151.

1167 375 1306 402 Christum
1327 382 1383 401 non
1403 374 1548 402 hominem
1562 376 1620 402 Deo
1636 376 1764 409 unitum,
1777 376 1824 404 sed
1835 378 1925 404 Deum
1938 377 1986 413 qui

1220 418 1421 446 humanitatem
1441 418 1611 454 adsumpsit,
1626 419 1745 448 dicimus
1763 429 1791 456 p.
1804 425 1848 449 82.
1868 423 1985 449 Germa-

1220 472 1272 490 nus
1285 472 1312 498 p.
1325 466 1390 490 593:
1405 464 1527 490 dicimus
1539 467 1627 491 Deum
1636 463 1753 498 factum
1765 466 1905 494 hominem
1914 489 1922 501 ,
1933 476 1988 494 non

1221 510 1316 534 autem
1331 508 1515 543 adsumptmn
1529 509 1565 535 ab
1580 517 1611 535 eo
1623 509 1782 544 hominem,
1795 513 1828 538 ut
1838 513 1988 539 Nestorius

1221 552 1355 580 credidit.

1167 596 1294 623 Christus
1304 595 1408 631 absque
1418 596 1476 624 ulla
1488 597 1602 629 indigna
1615 598 1741 632 passione
1751 607 1778 634 p.
1787 602 1846 626 125.
1855 603 1916 627 445.
1924 604 1987 628 477.

1167 641 1292 668 Christus
1313 640 1356 675 agi
1376 649 1390 667 a
1404 641 1508 676 Spiritu
1527 643 1564 673 εἰς
1581 645 1624 671 τήν
1640 643 1732 678 ἔρημα-ι
1752 643 1843 671 dictus
1863 653 1912 679 pro
1928 652 1987 672 ver-

1220 686 1274 713 sari
1295 686 1325 712 in
1343 694 1451 718 eremo,
1470 687 1578 714 ridetur
1595 689 1697 724 Cyrillo
1715 697 1742 724 p.
1760 692 1820 716 150.

1168 730 1293 770 Christus
1312 730 1453 757 cicatrices
1471 739 1618 766 resurgens
1636 741 1686 760 0111·
1702 734 1847 761 retinuerit
1865 742 1891 769 p.
1908 737 1969 761 173.

1168 774 1296 802 Christus
1316 774 1424 809 corpori
1437 782 1488 801 suo
1500 775 1601 810 x·1goris
1619 775 1705 804 divini
1716 777 1867 805 efficaciam
1887 777 1921 805 ad
1935 778 1988 805 mi-

1221 819 1315 846 racula
1334 819 1468 854 patranda
1489 821 1711 848 communicabat
1728 830 1755 857 p.
1772 825 1831 850 160.
1850 826 1908 850 167.
1923 827 1986 850 208.

1221 868 1283 891 476.

1168 908 1294 936 Christus
1313 917 1362 936 cur
1381 908 1511 936 animalia
1531 908 1673 936 sacrificiis
1691 913 1753 944 apta
1773 910 1853 938 vendi
1875 910 1902 937 in
1915 915 1986 937 tem·-

1223 952 1268 987 plo
1287 953 1405 980 vetuerit
1425 961 1452 988 p.
1471 955 1532 979 396.

1169 996 1295 1023 Christus
1315 1004 1364 1023 cur
1382 997 1473 1023 Canae
1492 996 1597 1031 nuptiis
1619 996 1773 1024 interfuerit
1790 1001 1874 1031 11⁶4.

1169 1040 1295 1067 Christus
1323 1039 1414 1068 dictus
1442 1040 1517 1068 filius
1546 1040 1664 1068 dilectus
1687 1048 1737 1076 pro
1765 1041 1925 1076 unigenitus
1951 1044 1986 1069 A.

1223 1088 1333 1120 p.569.

1169 1129 1297 1156 Christus
1317 1129 1473 1156 eremiticae
1485 1129 1554 1155 vitae
1572 1128 1695 1163 exemplo
1707 1136 1758 1156 suo
1770 1135 1866 1155 suasor
1885 1136 1911 1163 p.
1926 1131 1986 1155 150.

1168 1173 1295 1201 Christus
1315 1173 1389 1200 filius
1401 1181 1474 1200 unus
1495 1177 1537 1200 est
1556 1181 1620 1200 cum
1632 1173 1710 1200 unita
1724 1173 1777 1200 sibi
1789 1180 1872 1199 carne
1884 1180 1910 1207 p.
1926 1175 1987 1200 145.

1224 1220 1362 1244 170.174.
1376 1221 1437 1244 487.
1454 1219 1488 1244 A.
1503 1225 1529 1252 p.
1543 1221 1605 1244 561.

1169 1261 1295 1289 Christus
1316 1262 1402 1288 mittit
1421 1262 1554 1297 Spiritum
1574 1265 1700 1289 sanctum
1719 1260 1850 1288 facultate
1870 1268 1926 1287 non
1945 1268 1990 1288 ac-

1223 1310 1301 1341 cepta
1320 1306 1369 1334 sed
1390 1307 1498 1341 propria
1519 1310 1545 1334 et
1565 1306 1742 1333 substantiali
1764 1314 1790 1340 p.
1809 1308 1868 1332 144.

1169 1350 1294 1377 Christus
1313 1358 1369 1377 non
1390 1354 1530 1385 tamquam
1542 1350 1663 1377 Yerbum
1683 1349 1730 1377 sed
1750 1353 1892 1384 tamquam
1905 1349 1989 1376 1101110

1222 1394 1323 1421 ductus
1341 1402 1356 1421 a
1375 1394 1473 1429 spiritu
1486 1395 1515 1421 in
1528 1394 1666 1422 desertum
1685 1397 1717 1421 ut
1729 1397 1882 1421 tentaretur
1902 1402 1928 1429 p.
1942 1397 1987 1421 46.

1221 1438 1386 1466 Conferatur
1406 1443 1500 1466 tamen
1520 1447 1546 1474 p.
1564 1442 1622 1466 150.

1169 1483 1296 1510 Christus
1315 1483 1403 1510 oravit
1421 1487 1558 1518 quatenus
1578 1483 1661 1510 homo
1678 1487 1736 1510 erat
1755 1490 1781 1518 p.
1795 1485 1858 1509 478.
1872 1485 1934 1509 483.

1169 1527 1296 1554 Christus
1314 1526 1454 1562 quomodo
1466 1535 1495 1554 se
1509 1527 1607 1553 dixerit
1621 1528 1748 1561 ignorare
1762 1525 1868 1561 aliquid
1881 1534 1908 1561 p.
1924 1529 1987 1553 482.

1169 1571 1294 1598 Christus
1315 1570 1454 1606 quomodo
1473 1571 1510 1598 sit
1528 1570 1663 1598 mediator
1682 1579 1708 1606 p.
1725 1574 1769 1598 85.

1168 1614 1296 1642 Christus
1314 1615 1492 1642 resuscitatus
1511 1623 1561 1642 sua
1581 1615 1682 1650 pariter
1701 1619 1729 1642 et
1747 1615 1833 1650 patris
1849 1622 1931 1650 opera
1951 1617 1986 1641 A.

1221 1667 1248 1694 p.
1269 1662 1330 1686 580.

1168 1703 1294 1730 Christus
1313 1703 1446 1737 Spiritum
1461 1707 1603 1733 sanctum,
1618 1710 1672 1737 qua
1691 1702 1774 1729 homo
1793 1706 1865 1734 erat,
1882 1701 1987 1735 accepit

1221 1749 1402 1781 p.145.148.

1167 1790 1346 1818 Circumcisio
1365 1794 1391 1816 et
1409 1789 1564 1824 baptismus
1584 1798 1609 1824 p.
1627 1793 1685 1816 130.
1699 1797 1756 1824 seq.

1167 1833 1390 1860 Circumcisionis
1410 1838 1464 1860 tres
1485 1834 1592 1869 typicae
1611 1832 1827 1867 significationes
1847 1841 1873 1867 p.
1891 1836 1949 1859 131.

1167 1877 1323 1904 Concilium
1346 1885 1490 1904 romanum
1510 1885 1560 1911 pro
1579 1877 1774 1911 Chrysostomo
1792 1877 1830 1902 M.
1848 1884 1874 1910 p.
1889 1879 1950 1902 547.

1168 1920 1451 1947 Condescendendum
1474 1919 1613 1946 interdum
1636 1919 1671 1945 ob
1692 1926 1788 1953 pacem
1809 1919 1988 1945 ecclesiarum

1219 1973 1245 2000 p.
1266 1968 1325 1990 106.
1342 1967 1402 1990 107.
1418 1967 1478 1990 108.
1499 1964 1594 1998 Neque
1613 1971 1676 1990 cum
1696 1962 1790 1989 idiotis
1809 1962 1837 1988 in
1855 1962 1988 1996 exigenda

1219 2009 1283 2036 fidei
1303 2008 1474 2036 confessione
1494 2008 1629 2034 minutius
1649 2007 1788 2042 agendum
1807 2015 1834 2042 p.
1856 2010 1914 2033 107.

1167 2053 1297 2080 Confiteri
1317 2061 1367 2088 pro
1387 2051 1500 2080 laudare
1520 2060 1546 2087 p.
1561 2055 1623 2078 248.
1707 2053 1712 2058 ’

1166 2099 1259 2125 Cornu
1278 2105 1327 2132 pro
1348 2097 1469 2132 potentia
1491 2101 1538 2123 aut
1558 2104 1642 2131 regno
1663 2104 1690 2131 p.
1708 2099 1768 2123 119.

1166 2142 1365 2169 Contentiones
1384 2141 1528 2175 religiosae
1546 2139 1674 2168 1110111100
1693 2141 1743 2168 Gr.
1756 2147 1783 2174 p.
1796 2142 1857 2166 563.
1872 2147 1928 2173 seq.

1166 2185 1346 2213 Conviciandi
1366 2194 1424 2212 mos
1445 2186 1615 2220 vituperatur
1633 2193 1660 2220 p.
1673 2187 1735 2211 490.

1166 2230 1274 2256 Creavit
1292 2230 1388 2261 (Prov.
1403 2229 1477 2255 x‘111.
1493 2232 1554 2260 22.)
1574 2229 1597 2255 si
1612 2228 1646 2256 de
1664 2227 1806 2254 divinitate
1818 2226 1900 2253 Verbi
1912 2226 1984 2253 acci-

1219 2275 1325 2309 piatur,
1347 2274 1487 2307 significat
1506 2274 1654 2300 constituit
1670 2280 1696 2307 p.
1711 2274 1772 2298 467.

1166 2318 1282 2346 Credere
1302 2319 1421 2353 primum
1442 2323 1563 2353 oportet.
1581 2316 1680 2344 deinde
1698 2315 1756 2342 fieri
1776 2314 1951 2350 probationes
1969 2322 1984 2341 a

1218 2364 1277 2390 Deo
1297 2363 1438 2397 postulare
1456 2365 1489 2389 Α.
1507 2370 1532 2396 p.
1546 2364 1607 2388 581.

1167 2407 1317 2434 Curiositas
1334 2407 1473 2442 superflua
1485 2407 1514 2433 in
1525 2406 1611 2432 sactis
1623 2404 1704 2431 rebus
1717 2402 1827 2430 vitanda
1841 2411 1867 2438 p.
1882 2404 1925 2429 72.
1940 2405 1983 2428 73.

1220 2460 1282 2479 cum
1301 2452 1366 2478 adn.

1166 2497 1262 2532 Cyrilli
1282 2496 1361 2523 breve
1373 2494 1596 2530 supplementum
1611 2493 1726 2520 lacunae
1745 2492 1835 2527 operis
1854 2490 1985 2518 adversus

1220 2541 1359 2568 Iulianum
1380 2543 1533 2574 apostatam
1555 2546 1580 2572 p.
1594 2540 1655 2564 279.
1671 2537 1736 2564 adn.

1167 2585 1261 2621 Cyrilti
1274 2585 1375 2611 citatur
1385 2584 1411 2610 in
1424 2584 1529 2609 Lucam
1542 2582 1657 2608 homilia
1670 2580 1801 2608 xxvlll.
1817 2580 1886 2605 ltem
1897 2579 1983 2604 XLV.

1220 2637 1246 2664 p.
1269 2631 1329 2654 456.

1167 2673 1261 2709 Cyritli
1281 2671 1440 2707 deperditus
1459 2670 1676 2697 commentarius
1693 2669 1721 2695 in
1733 2667 1904 2694 Matthacum
1926 2674 1984 2693 me-

1219 2721 1344 2744 moratur
1356 2725 1381 2751 p.
1397 2720 1455 2743 189.
1467 2719 1529 2742 246.
1543 2718 1602 2742 379.
1615 2717 1677 2741 410.
1689 2716 1751 2740 455.
1764 2715 1824 2739 456.
1839 2710 1986 2738 Proierun-

1219 2766 1266 2789 tur
1284 2770 1299 2789 a
1319 2761 1398 2788 uobis
1417 2760 1571 2795 fragmenta
1591 2767 1616 2794 p.
1631 2761 1766 2789 476-483,
1780 2760 1807 2783 et
1822 2757 1852 2783 P.
1867 2764 1893 2790 p.
1911 2758 1971 2782 022.

1167 2807 1262 2842 Cyritli
1282 2806 1393 2839 elegans
1412 2804 1593 2839 coxnparado:
1616 2803 1748 2830 Christus
1768 2804 1842 2827 Deus
1864 2800 1938 2826 idem
1958 2800 1986 2824 ct

1219 2851 1319 2883 homo,
1333 2852 1407 2876 sient
1421 2852 1532 2876 Caesar
1551 2849 1710 2882 imperator
1723 2845 1810 2874 simul
1828 2846 1856 2872 ct
1874 2842 1984 2874 consul,

1221 2903 1290 2921 imus
1311 2894 1439 2928 idemque
1458 2895 1499 2918 fs(
1518 2900 1544 2927 p.
1562 2895 1606 2918 86.

2154 0 2181 107 ona*-
