2326 3362
93 588 99 603 4
107 584 193 610 ’,η-111115
209 584 236 605 da
251 584 299 606 Trl-

94 613 171 632 nitate.

94 1268 123 1287 111·
133 1268 294 1288 incarnatione.

147 1949 176 1968 110
194 1948 296 1974 Dctpara.

333 218 365 240 vi
1094 215 1242 238 Enrronts

332 283 385 316 wt
407 282 608 316 certitudine
631 282 744 328 potius
763 290 1012 325 compereram.
1035 280 1136 320 Quod
1155 291 1262 325 quum
1283 291 1449 325 prospere
1469 285 1505 313 ut
1525 285 1610 324 puto
1629 278 1776 324 egerim,
1793 284 1827 313 et
1847 291 1900 314 res
1920 281 2009 316 ultra

333 347 451 373 votum
473 339 629 377 cesserit;
652 337 749 371 facile
768 338 831 371 crit
850 336 1011 381 deinceps
1034 336 1157 370 futuris
1176 337 1319 370 eruditis
1340 336 1508 381 Cyrillum
1527 336 1676 381 denique
1699 342 1771 369 turn
1791 347 1831 369 ex
1853 339 2011 383 superio-

333 397 428 431 ribus
454 394 682 433 editionibus,
710 401 781 427 tuni
809 406 848 427 cx
874 394 925 427 his
953 394 1079 427 nostris
1109 393 1352 427 additamentis
1377 393 1592 427 cumulatum
1618 393 1774 427 efficere:
1805 394 1902 427 cuius
1926 395 2010 428 mibi

333 460 422 487 certe
449 459 539 486 tanta
565 452 607 486 ad
628 463 748 485 manus
770 452 864 484 venit
888 451 1005 496 copia,
1025 457 1063 484 ut
1086 450 1225 484 duobus
1248 462 1324 484 eam
1345 449 1598 489 voluminibus,
1620 461 1690 483 non
1709 449 1782 483 sine
1802 461 1878 484 mea
1904 451 2012 484 inter-

334 511 523 556 pretatione
547 510 782 555 exposuerim.
803 520 952 553 quorum
982 509 1077 554 prius
1104 520 1194 542 nunc
1221 507 1488 542 describendum
1514 514 1577 541 est.

429 568 485 600 111.
515 568 665 600 Primum
690 578 724 600 se
753 566 835 599 mihi
861 565 991 599 obtulit
1008 566 1126 610 Cyrilti
1147 565 1335 603 ineditum,
1360 571 1397 598 ut
1425 576 1522 603 reor,
1545 565 1752 609 opusculum
1772 564 1814 597 (le
1839 564 2012 598 Trt'm'tate

333 627 364 658 in
394 626 550 658 vaticano
578 635 721 669 perraro
744 623 880 665 codice3
906 635 993 668 quac
1020 622 1215 657 lucubratio
1241 622 1342 668 plane
1368 622 1411 655 ab
1439 622 1497 655 illa
1522 622 1658 661 dissert,
1681 633 1786 667 quam
1812 623 1886 667 pari
1911 622 2013 656 titulo

332 681 395 715 sub
415 682 502 723 salso
521 681 638 726 Cyrilli
659 681 798 714 nomine
826 687 830 712 t
848 692 954 724 quum
975 681 1017 713 sit
1044 681 1157 726 potius
1176 692 1215 714 cx
1236 681 1445 713 Damascene
1466 679 1609 724 aliisque
1629 685 1848 725 excerptum,
1871 685 1907 713 ut
1925 679 2012 712 iam-

331 739 389 772 diu
411 740 684 772 demonstratum
708 738 791 782 suit)
812 737 963 783 vulgavit
983 738 1202 783 NVegelinus,
1227 743 1331 783 prout
1353 748 1433 770 mox
1451 738 1485 770 in
1505 737 1657 771 editione
1676 736 1787 770 dicam
1810 748 1844 782 p.
1868 737 1927 770 31.
1955 737 2013 770 Ait

331 803 444 830 autem
471 795 618 841 Cyrillus
643 807 717 841 cap.
748 795 781 828 3.
809 807 864 832 se,
890 796 1073 839 postquam
1099 801 1218 828 contra
1245 794 1476 840 blasphemias
1502 794 1776 833 haereticorum,
1801 795 2012 827 Arianorum

330 854 476 890 scilicet,
498 854 577 887 satis
599 853 835 888 decertaverat
855 853 960 898 (puta
980 854 1014 885 in
1034 853 1213 892 thesauro,
1236 853 1271 886 in
1289 852 1541 886 commentario
1557 851 1600 886 ad
1621 851 1830 892 Iohannem,
1852 858 1887 886 et
1905 851 2010 897 alibi)

331 922 420 943 nunc
437 911 503 943 hoc
524 910 730 955 opusculum
754 911 809 955 pie
827 908 1046 943 credentibus
1063 907 1234 948 scribere,
1257 915 1295 943 ut
1312 909 1428 943 divina
1449 908 1611 954 dogmata
1624 935 1632 948 ‚
1654 915 1748 943 extra
1767 920 1908 943 omnem
1929 920 2013 943 con-

331 968 515 1001 troversiae
541 967 672 1006 aleam,
697 966 868 1001 didactico
894 978 991 999 more
1020 973 1181 1012 exponat.
1210 968 1340 1012 Reapse
1366 972 1482 1000 autem
1509 967 1721 1012 promissum
1746 965 1885 1000 abunde
1909 966 2008 1000 facit:

329 1036 367 1058 ea
393 1025 521 1070 quippe
548 1024 810 1070 perspicuitate,
833 1029 867 1057 et
887 1023 1079 1069 theologiae
1099 1024 1219 1069 peritia
1239 1024 1443 1057 altissimum
1462 1024 1635 1057 Trinitatis
1658 1025 1862 1069 mysterium
1883 1023 2013 1058 evolvit

331 1094 368 1115 ac
394 1082 513 1119 tradit,
536 1093 624 1126 quae
651 1087 784 1114 tantum
805 1086 905 1125 atque
931 1092 947 1113 a
969 1082 1040 1114 Deo
1064 1081 1282 1126 peculiariter
1301 1081 1464 1115 edoctum
1483 1081 1687 1126 magistrum
1705 1081 1816 1115 decet.
1843 1082 1924 1115 Tres
1942 1082 2013 1115 sin-

331 1139 474 1183 gillatim
497 1139 630 1172 divinas
657 1149 820 1184 personas
848 1139 997 1183 propriis
1016 1139 1181 1183 cuiusque
1201 1139 1411 1183 argumentis
1436 1138 1588 1172 illustrat
1612 1143 1714 1183 atque
1738 1137 1939 1172 confirmat:
1960 1137 2014 1171 id-

329 1208 397 1241 que
422 1196 648 1241 opusculum,
673 1195 778 1229 cedro
804 1196 876 1229 sine
903 1194 1011 1229 dubio
1040 1196 1253 1234 liniendum,
1276 1196 1397 1240 viginti
1423 1202 1456 1229 et
1480 1202 1560 1229 octo
1585 1196 1743 1241 capitulis
1767 1196 1986 1229 terminatur.

425 1255 603 1298 Sequitur,
626 1253 700 1298 pari
728 1253 920 1297 theologiae
947 1253 1089 1291 merito.
1112 1259 1276 1286 tractatus
1301 1252 1387 1286 alter
1412 1264 1452 1286 ex
1478 1252 1603 1286 eodem
1628 1253 1747 1286 codice
1774 1258 1949 1298 sumptus,
1971 1252 2014 1285 de

330 1310 477 1343 Domini
495 1309 759 1345 incarnatione,
783 1310 921 1354 triginta
941 1311 1094 1354 quinque
1114 1309 1271 1355 capitulis
1290 1310 1580 1355 comprehensus,
1601 1316 1635 1343 et
1655 1321 1673 1344 a
1693 1309 1814 1354 Cyrilli
1833 1311 1954 1343 ceteris
1968 1309 2013 1342 de

330 1368 396 1401 hoc
424 1373 628 1412 argumento
654 1367 790 1411 scriptis
819 1377 962 1412 prorsus
989 1366 1158 1400 dixersus.
1187 1367 1300 1412 Atque
1331 1368 1364 1400 in
1393 1367 1460 1402 11οο
1489 1367 1732 1401 refutationem
1759 1367 2014 1412 haereticorum

331 1436 400 1458 non
427 1425 587 1469 negligit,
612 1435 763 1470 quorum
788 1425 962 1457 neminem
989 1425 1219 1458 recentiorem
1244 1426 1416 1459 Eunomio
1442 1426 1613 1459 nominat.
1642 1425 1705 1458 Illa
1731 1436 1816 1458 vero
1843 1425 2014 1460 calumnia

330 1494 347 1515 a
374 1481 621 1527 posterioribus
642 1481 894 1526 Monophysitis
919 1482 1050 1526 Cyrillo
1071 1482 1231 1527 imposita
1251 1481 1294 1515 de
1312 1483 1411 1516 unica
1431 1482 1556 1516 Christi
1580 1488 1703 1515 natura
1726 1481 1770 1514 ab
1790 1493 1832 1515 eo
1856 1482 1991 1516 adserta
2004 1508 2011 1519 ,

330 1546 399 1572 tam
418 1539 597 1573 evidenter
615 1538 682 1572 hoc
702 1538 830 1584 scripto
856 1531 1120 1583 προληπτικῶς
1146 1538 1368 1577 dissolvitur,
1389 1544 1428 1572 ut
1446 1549 1550 1572 nemo
1568 1538 1637 1571 iam
1657 1544 1777 1572 contra
1800 1537 1932 1572 hiscere
1953 1550 2015 1573 au-

331 1608 430 1629 surus
449 1597 504 1630 sit.
533 1596 749 1641 Quamquam
767 1607 852 1628 vero
877 1595 1084 1640 polemicam
1103 1597 1138 1628 in
1159 1594 1222 1628 hac
1239 1594 1480 1628 lucubratione
1500 1601 1633 1640 partem
1655 1595 1789 1628 naviter
1807 1601 1930 1629 tractat
1949 1596 2014 1641 Cy-

331 1653 445 1691 rillus,
467 1660 614 1687 attamen
633 1654 668 1686 in
691 1652 894 1697 exponenda
920 1653 978 1686 Dei
1000 1664 1080 1697 erga
1101 1652 1261 1686 homines
1285 1651 1517 1697 benignitate,
1537 1663 1643 1697 quam
1662 1652 1906 1686 incarnationis
1924 1664 2014 1698 opus

331 1710 564 1748 demonstrat,
593 1710 763 1755 plurimus
788 1715 855 1747 cst;
883 1715 921 1742 ut
947 1709 1171 1742 christianum
1197 1709 1369 1754 populum
1394 1709 1455 1742 Dei
1480 1709 1631 1743 vicissim
1659 1720 1778 1742 amore
1799 1709 2009 1747 inflammet.

332 1773 433 1812 atque
455 1768 488 1800 in
510 1766 579 1801 fide
598 1766 797 1803 confirmet,
819 1778 923 1811 quam
947 1767 1082 1811 egregie
1106 1765 1227 1800 definit
1251 1767 1348 1811 pium
1371 1777 1444 1800 esse
1468 1778 1549 1812 erga
1567 1767 1678 1800 Deum
1705 1778 1743 1800 ac
1765 1767 2013 1801 revelationem

332 1823 554 1868 obsequium,
576 1824 811 1857 controversia
836 1824 931 1856 omni
959 1824 1164 1869 curiosoque
1189 1824 1291 1857 etiam
1316 1824 1472 1857 examine
1496 1823 1642 1861 omisso,
1663 1824 1716 1857 cui
1743 1830 1834 1857 certe
1859 1824 2012 1870 indagini

331 1893 442 1926 neque
468 1880 567 1927 plebs
592 1892 704 1926 neque
729 1881 875 1914 maxima
902 1880 1083 1914 hominum
1110 1892 1190 1926 pars
1214 1880 1340 1915 idonea
1367 1887 1430 1915 est.

425 1939 571 1972 Tertiam
598 1939 633 1971 in
660 1937 726 1972 hoc
752 1944 871 1971 nostro
895 1938 1072 1971 xolumine
1092 1938 1208 1972 sedem
1233 1945 1379 1984 occupat
1402 1939 1521 1984 Cyrilli
1546 1940 1685 1985 copiosa
1710 1951 1747 1973 ac
1770 1939 1879 1973 libelli
1906 1940 2012 1974 instar

332 1995 459 2033 oratio,
480 2006 547 2040 qua
573 1995 765 2041 ostenditur
786 1994 921 2028 beatam
939 1996 1081 2028 Mariam
1099 2007 1137 2029 re
1160 2007 1242 2029 vera
1263 2007 1334 2029 esse
1355 1997 1612 2041 rectissimeque
1636 1997 1703 2030 dici
1728 1996 1917 2043 deiparam.
1947 1998 2014 2030 Ex-

334 2052 423 2086 tabat
449 2052 531 2086 haec
554 2052 682 2086 inedita
709 2053 820 2086 oratio
847 2052 882 2084 in
910 2054 1067 2085 vaticano
1095 2052 1213 2086 codice
1238 2053 1381 2098 antiquo
1403 2054 1487 2087 1431
1512 2054 1557 2099 (l)
1580 2065 1642 2087 nee
1663 2065 1733 2087 non
1758 2055 1792 2087 in
1820 2055 2013 2088 recentiore

332 2108 442 2143 ottob.
465 2110 530 2150 30;
553 2109 701 2154 denique
727 2109 870 2143 eandem
898 2109 1065 2143 contineri
1087 2110 1157 2143 scio
1176 2111 1210 2142 in
1236 2109 1353 2144 codice
1374 2111 1476 2144 etiam
1502 2109 1689 2144 barberino
1708 2112 1790 2145 253.
1819 2113 1903 2145 Rem
1924 2111 2013 2145 hanc

332 2177 400 2199 non
428 2166 531 2199 semel
553 2166 720 2211 Cyrillus,
745 2167 807 2200 etsi
833 2165 964 2204 obiter,
988 2178 1058 2200 non
1079 2172 1192 2201 tamen
1218 2168 1390 2201 incuriose
1416 2173 1619 2202 tractaverat
1637 2169 1678 2202 iis
1696 2170 1731 2202 in
1751 2169 1903 2214 scriptis,
1924 2180 2012 2215 quae

332 2236 366 2268 p.
391 2224 449 2256 75.
472 2224 505 2256 in
533 2223 613 2256 adn.
636 2224 839 2257 nominatim
864 2224 1055 2269 appellavi,
1079 2223 1205 2269 quibus
1233 2225 1413 2259 addendus
1437 2231 1487 2259 est
1514 2225 1611 2260 locus
1636 2227 1802 2260 orationis
1825 2228 1851 2259 1.
1874 2227 1918 2260 de
1944 2225 2013 2261 fide

332 2280 373 2313 ad
399 2281 544 2324 Reginas
566 2282 673 2326 (opp.
695 2282 731 2313 T.
754 2282 793 2314 V.
817 2287 906 2326 part.
928 2283 962 2314 2.
986 2293 1020 2326 p.
1043 2282 1101 2314 147,
1125 2281 1222 2327 seq.)
1244 2282 1308 2316 Sed
1330 2283 1421 2315 enim
1445 2283 1662 2328 praeclarum
1684 2283 1769 2317 mihi
1793 2283 1952 2322 obvenit,
1976 2290 2013 2318 ut

331 2337 401 2370 dixi
428 2349 462 2382 p.
486 2338 550 2375 813,
577 2338 751 2371 iustiniani
778 2339 862 2383 imp.
889 2338 923 2371 in
950 2339 1022 2371 eius
1047 2350 1151 2384 quam
1176 2339 1268 2372 edidi
1295 2340 1439 2384 epistola
1465 2340 1593 2386 duplex
1616 2341 1851 2375 testimonium
1878 2341 1921 2375 de
1949 2342 2013 2375 hac.

332 2394 448 2439 cyrilti
469 2395 644 2434 oratione,
668 2396 715 2429 ita
740 2401 777 2428 ut
797 2402 932 2440 praeter
958 2395 1074 2429 stilum
1094 2402 1126 2430 et
1153 2403 1352 2430 consuetam
1379 2404 1480 2443 atque
1505 2398 1710 2432 sollemnem
1737 2399 1855 2444 Cyrilli
1882 2399 2013 2433 doctri-

331 2462 428 2489 nam,
450 2452 633 2485 auctoritas
659 2453 760 2485 etiam
781 2459 923 2497 augusta
951 2453 1107 2493 accedat,
1127 2465 1216 2498 quae
1240 2466 1380 2487 omnem
1400 2454 1626 2489 dubitationis
1649 2456 1851 2502 scrupulum
1878 2457 2009 2490 eximit.

334 2509 373 2541 Et
399 2509 539 2553 quidem
561 2510 633 2554 ipse
659 2509 807 2554 Cyrillus
834 2510 899 2543 hoc
924 2521 959 2544 se
983 2517 1224 2556 argumentum
1250 2512 1377 2545 diserte
1405 2518 1583 2551 tractasse,
1609 2520 1724 2547 narrat
1744 2515 1777 2547 in
1797 2514 1941 2559 epistola
1967 2514 2011 2548 ad

331 2566 516 2599 Maximum
537 2566 628 2612 apud
648 2566 818 2600 Balutium
839 2579 919 2600 nov.
942 2568 1022 2601 coll.
1042 2569 1166 2602 concil.
1188 2569 1255 2602 col.
1279 2570 1361 2602 915.
1384 2569 1437 2603 his
1455 2569 1588 2603 verbis:
1613 2585 1628 2601 ι(
1650 2572 1801 2616 primum
1821 2572 2011 2617 capitulum

336 2636 351 2653 »
380 2629 429 2656 est
455 2623 550 2668 quod
579 2630 693 2657 sancta
719 2625 818 2669 virgo
847 2626 885 2657 sit
907 2625 966 2658 Dei
992 2627 1151 2669 genitrix.
1177 2640 1193 2657 n
1214 2627 1284 2660 Nisi
1312 2627 1401 2660 sorte
1430 2639 1472 2661 co
1497 2627 1576 2661 loco
1603 2628 1646 2661 de
1665 2629 1780 2674 primo
1805 2641 1869 2663 suo
1889 2630 1924 2662 in
1944 2630 2013 2662 Ne-

333 2680 476 2712 storium
497 2692 655 2713 sermone
673 2682 816 2725 cogitat:
837 2683 961 2715 etenim
982 2682 1016 2715 id
1036 2682 1161 2728 dogma
1182 2689 1319 2729 postea,
1340 2690 1447 2730 prout
1466 2695 1557 2718 nunc
1576 2686 1609 2718 in
1630 2686 1770 2720 invento
1790 2692 1910 2719 nostro
1927 2685 2014 2730 legi-

335 2742 389 2769 tur
402 2762 409 2773 ,
434 2738 543 2771 multo
563 2737 703 2772 uberius
722 2738 897 2784 explicuit.
926 2740 1149 2774 Luculentam
1170 2741 1257 2775 hanc
1276 2741 1395 2787 Cyritti
1414 2743 1605 2776 orationem
1626 2743 1871 2778 commendare
1897 2741 2013 2776 verbis

336 2861 372 2886 Μ
386 2861 402 2888 Γ
415 2822 449 2888 (ΙΙ)
468 2820 609 2853 Spectmen
628 2820 778 2856 scripturae
798 2821 879 2849 huius
898 2822 999 2850 codicis
1020 2825 1096 2851 1431.
1117 2822 1200 2851 habes
1219 2832 1246 2852 u.
1267 2827 1292 2852 6,
1314 2824 1342 2851 111
1367 2824 1459 2852 tabula
1485 2826 1551 2853 tomi
1575 2826 1666 2862 quarti
1690 2826 1773 2854 huius
1791 2832 1876 2853 novae
1895 2826 2008 2852 Patrum

357 2867 431 2888 1)101
444 2870 525 2890 levae.
