2219 3322
370 211 439 244 4151»
1001 220 1028 243 s.
1057 221 1185 244 erinna

403 286 523 320 XXXI.
556 285 654 318 Idem
683 284 833 320 Cvrillus
859 293 982 319 contra
1009 284 1160 320 Diodori

683 342 868 388 scriplum.

441 458 731 492 l'racclarissimc!
752 458 832 495 Aio,
853 457 958 491 verba
978 470 1066 503 quae
1085 470 1186 493 nemo

368 517 484 550 docuit
516 515 575 548 scd
608 527 626 549 a
657 522 690 549 te
722 514 859 560 publice
893 516 1184 561 pronunciantur,

368 573 576 619 gravissimis
595 571 757 606 sordibus
776 573 961 617 inquinari.
990 574 1109 607 Sancta
1128 574 1185 607 illa

369 642 467 667 caro,
491 641 579 674 quae
598 630 722 663 Mariae
743 629 823 668 fuit,
848 631 915 663 iam
935 630 1015 663 inde
1034 642 1051 663 a
1072 631 1187 676 primo

367 690 555 732 conceptus
573 693 769 725 momento,
786 688 856 721 sire
874 688 908 720 in
928 694 1028 722 utero
1043 689 1186 722 existen-

369 746 457 784 tiae,
487 751 600 778 sancta
628 745 713 783 fuit,
742 751 863 790 utpote
889 745 1011 779 Christi
1038 757 1183 791 corpus:

370 814 541 847 nemoque
573 802 627 835 x'el
662 808 798 835 tenuem
832 802 988 836 concedit
1022 804 1187 848 temporis

369 859 472 892 fuisse
495 859 697 897 articulum,
717 871 788 905 quo
808 859 866 893 illa
886 860 1077 893 communis
1097 866 1187 893 cete-

369 916 485 961 risque
511 916 671 950 carnibus
697 917 816 950 similis
843 916 962 953 fuerit,
984 923 1021 951 ut
1040 928 1058 950 a
1078 923 1110 951 te
1133 917 1187 950 di·-

369 979 461 1006 ctum
488 979 555 1012 est,
577 979 609 1006 et
637 985 707 1006 non
734 974 849 1018 potius
868 973 971 1007 Verbi
994 985 1086 1007 caro.

369 1054 416 1087 lix
443 1054 556 1087 Severi
584 1054 777 1088 antiocheni
805 1054 964 1100 apologia
990 1066 1055 1100 pro
1081 1065 1186 1100 opere

440 1123 503 1145 suo
517 1112 612 1156 quod
627 1111 826 1145 inscribitur
839 1111 1062 1149 Philalethes,
1079 1111 1113 1144 in
1128 1122 1187 1144 co-

440 1169 515 1203 dice
540 1176 608 1203 x'at.
630 1181 701 1214 syr.

456 1244 592 1277 XXXII.
623 1244 722 1277 Idem
752 1244 903 1291 Cyrz'llus
931 1243 1097 1277 adversus

667 1301 864 1335 Diodorum
872 1328 878 1334 .

439 1377 543 1410 Sicuti
569 1377 671 1410 etiam
698 1376 789 1410 idern
815 1375 988 1415 Verbum,
1011 1376 1054 1410 de
1080 1378 1186 1422 patris

367 1432 555 1467 substantia
585 1435 762 1479 genitum,
790 1433 977 1467 Abrahami
1009 1445 1123 1467 semen
1151 1435 1185 1468 in

367 1502 470 1524 carne
489 1490 735 1537 adprehendit:
757 1490 860 1536 idque
881 1503 941 1536 per
960 1491 1185 1537 dispensatio-

367 1548 419 1581 nis
445 1549 665 1592 mysterium,
691 1549 762 1582 sine
789 1549 950 1594 propriae
976 1548 1185 1582 substantiae

366 1605 589 1640 detrimento.
628 1607 763 1640 Etenim
797 1618 904 1651 quum
941 1613 1028 1640 esset
1063 1613 1185 1640 natura

366 1663 474 1702 Deus,
494 1675 597 1697 verus
621 1676 761 1709 quoque
784 1664 934 1698 hominis
961 1663 1051 1697 fitius
1077 1663 1185 1697 factus

366 1727 435 1754 est:
454 1727 487 1754 et
506 1722 565 1766 qui
586 1721 676 1756 tilius
696 1723 784 1768 patri
804 1723 875 1755 Deo
894 1727 962 1759 est,
980 1732 1050 1755 non
1070 1727 1120 1755 est
1134 1721 1185 1754 illi

366 1785 546 1812 extraneus
559 1805 566 1816 ‚
584 1790 694 1824 neque
713 1779 837 1812 falsum
859 1778 919 1812 filii
936 1790 1062 1812 nomen
1077 1779 1180 1823 gerit:

366 1837 492 1869 etenim
520 1848 640 1881 reapse
666 1848 706 1870 ex
733 1837 794 1870 illo
820 1843 920 1870 natus
943 1843 993 1870 est
1018 1835 1183 1869 ineffabili

365 1905 560 1939 arcanoque
587 1894 714 1932 modo,
744 1905 955 1940 quamquam
987 1894 1121 1927 nonnisi
1148 1894 1181 1926 in

365 1962 467 1984 carne
494 1958 571 1998 post
597 1951 842 1986 adunationem
867 1957 1106 1997 cognoscatur.
1135 1951 1183 1984 Tu

365 2020 448 2054 ergo
467 2009 551 2042 dum
571 2010 643 2043 eius
663 2010 905 2043 tantummodo
929 2009 1184 2042 transmutatio-

366 2078 443 2099 nem
463 2066 613 2100 admittis
634 2067 668 2100 in
687 2079 824 2101 carnem
844 2068 1029 2100 inanimem
1048 2066 1184 2100 intelle-

365 2130 490 2169 ctuque
516 2131 710 2163 carentem,
740 2125 879 2159 unicum
907 2125 1006 2158 illum
1034 2125 1069 2158 in
1096 2124 1183 2157 duos

364 2182 489 2215 dividis
515 2182 625 2221 filios,
654 2184 832 2216 veritatem
860 2183 948 2216 hanc
973 2181 1067 2227 quod
1095 2193 1183 2215 unns

363 2241 405 2273 sit
431 2239 521 2273 fitius
547 2240 652 2285 impie
678 2252 855 2285 respuens.

400 2320 448 2352 Ex
474 2319 593 2353 eadem
621 2321 734 2353 Severi
762 2319 957 2353 antiocheni
984 2319 1143 2364 apologia

600 2377 635 2409 in
661 2377 783 2410 eodem
811 2377 942 2411 codice.

363 2451 620 2485 XXXllIJdem
633 2451 783 2497 erillzcs
793 2451 959 2484 adversus
969 2450 1162 2484 Diodorum
1170 2478 1177 2485 .

435 2528 540 2572 Saepe
559 2527 627 2559 iam
645 2524 810 2563 diximus,
827 2537 897 2571 quo
912 2532 1070 2571 tempore
1089 2528 1182 2572 capi-

365 2585 519 2618 tulorum
534 2584 691 2617 omnium
706 2583 902 2628 apologiam
919 2583 1181 2628 quodammodo

1211 222 1430 244 ALExANnmm

1244 286 1387 320 fecimus
1407 285 1475 331 (1),
1497 296 1568 319 non
1594 292 1779 332 propterea
1800 286 1896 331 quod
1922 293 2064 322 naturae

1242 343 1283 377 ad
1313 343 1560 377 adunationem
1580 350 1812 382 accesserunt,
1830 344 1960 378 idcirco
1979 345 2062 379 dua-

1241 401 1373 434 litatem
1395 401 1449 446 (in
1465 400 1619 446 Christo)
1639 413 1710 435 esse
1727 401 1988 435 admittendam.
2006 404 2062 436 Et-

1241 459 1332 492 enim
1353 459 1440 492 sicut
1461 458 1568 492 homo
1587 459 1744 503 quamvis
1763 470 1804 492 ex
1823 459 1936 492 anima
1956 460 2063 493 ratio-

1241 516 1310 549 nali
1337 522 1370 549 et
1397 527 1544 560 corpore
1564 516 1795 561 compositus,
1818 527 1907 549 unus
1926 521 1976 549 est
2002 527 2062 549 ne-

1240 584 1308 618 que
1328 574 1363 606 in
1382 573 1453 607 duo
1473 573 1657 612 dividitur,
1677 573 1781 618 idque
1805 579 1916 606 totum
1936 572 2063 607 dicitur

1242 630 1367 664 animal
1395 631 1562 665 rationale
1589 642 1627 664 ac
1654 631 1822 669 mortale,
1851 642 2062 676 quamquam

1240 699 1360 733 reapse
1387 700 1454 721 una
1481 689 1517 722 in
1544 695 1640 734 parte
1667 688 1832 726 mortale,
1858 689 1892 721 in
1918 688 1981 721 alla
2007 700 2062 722 ra-

1241 745 1392 784 tionale;
1421 746 1467 779 sic
1498 746 1600 779 etiam
1626 746 1854 783 Emmanuel,
1883 757 1991 791 quum
2019 746 2060 779 sit

1241 814 1352 839 unus,
1373 802 1552 836 dixinitate
1580 809 1612 836 et
1639 803 1851 837 humanitate
1878 809 2059 842 constans,

1240 871 1389 905 quarum
1409 872 1470 905 per
1489 872 1524 894 se
1544 867 1690 906 utraque.
1710 860 1861 905 perfecta
1881 866 1947 899 est,
1968 860 2061 894 idem

1240 918 1331 951 Deus
1346 924 1395 951 est
1415 924 1449 951 et
1468 918 1592 956 homo,
1610 917 1766 951 mortalis
1785 924 1819 952 et
1834 918 2056 957 immortalis,

1241 975 1441 1021 temporalis
1461 982 1493 1009 et
1513 976 1609 1021 prior
1628 974 1790 1009 omnibus
1810 975 1968 1014 saeculis,
1987 975 2059 1021 pal-

1241 1031 1365 1078 pabilis
1391 1039 1423 1066 et
1449 1032 1700 1078 impalpabilis,
1724 1032 1868 1066 xisibilis
1891 1039 1925 1066 et
1943 1033 2060 1067 invisi-

1240 1088 1331 1123 bilis.
1361 1090 1448 1123 Nam
1474 1091 1501 1123 si
1527 1090 1586 1123 ille
1609 1093 1729 1123 natura
1755 1093 1816 1123 sua
1835 1090 2057 1129 immortalis,

1241 1147 1327 1180 nihil
1354 1148 1555 1193 sumpsisset
1581 1159 1598 1181 a
1624 1147 1762 1181 mortali
1790 1155 1932 1185 natura,
1955 1147 1991 1181 id
2010 1154 2061 1181 est

1240 1203 1429 1238 Abrahami
1455 1205 1585 1238 semine
1598 1230 1606 1242 ,
1627 1204 1719 1238 haud
1739 1216 1802 1238 nos
1821 1205 1982 1250 equidem
2004 1216 2060 1238 re-

1241 1262 1357 1295 novati
1383 1273 1534 1295 essemus
1566 1267 1668 1306 atque
1695 1261 1737 1295 ad
1765 1262 2060 1295 immortalitatem

1241 1319 1364 1357 erecti;
1392 1330 1549 1364 vanaque
1575 1324 1692 1353 nostra
1719 1318 1805 1352 fides
1832 1318 1940 1357 foret,
1965 1325 1998 1352 et
2024 1319 2059 1352 in

1240 1376 1387 1421 peccatis
1413 1376 1539 1409 nostris
1565 1376 1677 1410 adhuc.
1703 1377 1904 1410 iaceremus.

1264 1456 1312 1488 Ex
1331 1454 1592 1500 quaestionibus
1610 1456 1722 1489 Severi
1742 1455 1938 1489 antiocheni
1957 1467 2036 1490 cum

1336 1512 1534 1551 haereticis,
1555 1513 1590 1546 in
1610 1513 1678 1546 alio
1698 1513 1776 1546 cod.
1799 1525 1869 1558 syr.
1890 1520 1960 1547 vat.

1239 1588 1389 1621 XXXIV.
1400 1586 1499 1620 Idem
1512 1586 1664 1634 Cyrillus
1673 1587 2041 1621 mlversusDiodorum
2049 1615 2056 1621 .

1311 1664 1472 1697 Sanctum
1493 1663 1585 1696 enim
1604 1669 1654 1697 est
1674 1675 1713 1697 ac
1731 1664 1804 1697 sine
1824 1669 1963 1708 peccato
1982 1674 2061 1697 cor-

1238 1733 1303 1767 pus
1334 1721 1458 1755 Christi
1490 1722 1550 1754 Dei
1582 1722 1835 1767 servatorisque
1868 1722 1998 1755 nostri:
2027 1728 2061 1755 et

1237 1778 1333 1824 quod
1352 1778 1494 1823 quidem
1513 1779 1556 1812 ad
1576 1779 1712 1824 culpam
1730 1779 1878 1816 adtinet,
1896 1779 1963 1812 iam
1978 1779 2059 1812 inde

1238 1847 1256 1869 a
1283 1837 1397 1882 primo
1423 1837 1668 1870 incarnationis
1695 1843 1872 1870 momento
1900 1837 2060 1870 incorru-

1238 1893 1359 1940 ptibile
1378 1894 1461 1932 fuit,
1481 1900 1582 1939 atque
1609 1895 1643 1927 in
1670 1906 1708 1928 ea
1735 1894 1899 1939 qualitate
1920 1906 1989 1928 non
2009 1901 2060 1928 est

1237 1952 1267 1984 ei
1295 1951 1364 1984 ulla
1392 1949 1574 1984 nobiscum
1595 1952 1796 1985 communio
1817 1951 1870 1984 wel
1898 1951 2059 1984 similitu-

1237 2009 1307 2042 do:
1337 2010 1463 2042 etenim
1492 2009 1556 2043 alia
1586 2009 1707 2054 quavis
1739 2020 1775 2042 re
1805 2008 1906 2042 nobis
1933 2015 1984 2042 est
2013 2009 2059 2042 si-

1236 2067 1328 2100 milis
1347 2073 1483 2112 praeter
1502 2078 1607 2112 quam
1634 2066 1747 2112 culpa.
1777 2067 1958 2112 Ceteroqui
1978 2078 2057 2100 ean-

1236 2124 1317 2158 dem
1333 2136 1471 2158 carnem
1486 2124 1704 2169 eundemque
1719 2124 1919 2169 sanguinem
1932 2125 1979 2157 uti
1995 2135 2058 2157 nos

1237 2183 1472 2228 participavit,
1495 2188 1531 2215 ut
1558 2182 1601 2215 ait
1625 2182 1814 2227 apostolus.
1844 2182 1872 2215 O
1891 2182 1938 2215 mi
1958 2193 2058 2215 reve-

1238 2229 1344 2274 rende
1363 2241 1423 2285 qui
1442 2239 1545 2273 stulta
1566 2251 1604 2273 ac
1625 2240 1820 2285 turpissima
1845 2238 1949 2273 rerba
1970 2239 2057 2273 effu-

1238 2298 1297 2335 tis:
1319 2309 1453 2331 sacrum
1473 2297 1614 2342 quidem
1635 2309 1761 2343 corpus
1782 2296 1869 2330 illud
1889 2296 1932 2330 de
1951 2298 2055 2330 Maria

1237 2362 1432 2401 sumptum,
1452 2355 1643 2389 infirmitati
1670 2361 1742 2389 erat
1769 2354 1979 2391 obnoxium,
1996 2354 2056 2388 sed

1235 2419 1348 2446 tamen
1366 2414 1431 2446 iam
1446 2412 1527 2446 inde
1542 2412 1584 2446 ab
1601 2413 1674 2446 eius
1691 2413 1919 2446 concretionis
1935 2413 2053 2449 initio,

1235 2477 1267 2504 et
1295 2471 1328 2503 in
1356 2476 1455 2504 utero
1481 2469 1738 2508 subsistentiae,
1761 2477 1916 2504 sanctum
1936 2472 2056 2517 utique

1235 2539 1373 2573 semper
1387 2527 1466 2565 fuit,
1483 2529 1562 2572 quia
1577 2528 1701 2562 Christi
1722 2540 1849 2574 corpus
1866 2535 1959 2567 erat,
1978 2528 2056 2562 nul-

1235 2584 1378 2630 lumque
1397 2586 1564 2630 temporis
1584 2585 1809 2619 intervallum
1827 2585 1909 2623 fuit,
1926 2597 1997 2631 quo
2014 2585 2056 2618 il-

447 2711 477 2739 sslj
500 2708 626 2736 Intelliue
645 2708 801 2743 apologiam
821 2713 915 2735 contra
935 2708 1081 2734 orientales
1100 2709 1249 2743 episcopos.
1271 2708 1323 2735 Sed
1343 2712 1435 2735 tamen
1456 2708 1489 2735 de
1509 2708 1638 2743 capitulis
1656 2717 1765 2743 quoque
1784 2707 1920 2735 Theodori
1940 2715 1970 2734 ae
1988 2707 2054 2733 Dio·

364 2752 421 2779 (lori
443 2760 456 2778 a
477 2760 505 2779 se
525 2752 650 2779 refutatis
670 2752 792 2787 loquitur
811 2752 930 2788 Cyrillus
949 2753 977 2778 in
997 2753 1111 2787 epistola
1131 2752 1164 2779 ad
1185 2753 1317 2779 Acacium
1339 2754 1546 2780 meliteneusein
1569 2761 1727 2787 episcopum
1747 2754 1818 2787 Opp.
1839 2754 1870 2778 T.
1889 2753 1919 2777 Y.
1942 2755 2010 2786 part.
2028 2755 2052 2777 2.

364 2804 389 2829 p.
409 2799 467 2822 198.
489 2798 624 2831 Inspectis
645 2796 785 2823 Theodori
800 2805 834 2822 ac
849 2796 969 2822 Diodori
985 2796 1080 2829 litu—is,
1095 2805 1162 2831 qaus
1181 2800 1359 2832 seris-nerunt
1376 2806 1431 2823 ηωι
1450 2798 1485 2823 de
1506 2799 1703 2823 incarnatione
1721 2798 1881 2831 L'niqeniti,
1894 2795 1944 2821 secl
1963 2796 2054 2829 Μηρὼ-

364 2842 463 2866 rantra
485 2842 727 2873 incarnationem,
744 2841 829 2875 posui
848 2840 946 2874 aliqua
966 2848 1002 2866 es
1021 2841 1170 2875 capitulis,
1191 2844 1219 2868 et
1236 2850 1289 2877 quo
1307 2843 1390 2877 potul
1409 2841 1491 2868 modo
1511 2841 1677 2868 conti-(ullast
1696 2842 1752 2874 eis,
1772 2840 1925 2867 declarans
1945 2838 2053 2865 abomi-

366 2885 478 2910 mamone
493 2893 612 2918 prorsus
628 2884 744 2919 plenam
766 2893 824 2911 esse
842 2886 1009 2911 sententium
1032 2886 1168 2918 ipsorum.
