2219 3322
156 2215 162 2223 '
180 2213 274 2234 Malta-lt.
290 2213 327 2234 ΙΙΙ.
340 2217 359 2235 G.

201 2272 208 2282 ’
226 2271 259 2292 t‘s⁴
275 2271 310 2293 CI.
326 2275 357 2292 ¹213.

396 179 465 214 MG

394 253 631 288 convertibilis
650 260 771 288 natura
784 255 845 289 Dei
864 260 932 295 est,
948 255 1070 302 utique
1089 267 1162 290 rem
1182 268 1218 291 sc

395 311 470 357 ipso
497 311 672 357 indignam
698 323 798 357 agere
823 311 1002 346 voluisset.

477 401 518 433 lt.
542 400 641 433 Idem
662 399 814 446 Fyrillus
833 399 869 433 in
888 400 1008 433 eodem
1027 400 1129 434 libro.
1160 436 1162 438 ,

466 482 531 516 Sed
546 483 598 516 isti
615 483 756 517 fortasse
769 484 949 529 opinantes
959 484 1091 523 dicent,
1105 486 1214 520 Deum

395 539 546 573 Verbum
562 551 766 573 conversum
779 540 921 585 quidem
935 541 969 574 in
983 553 1121 576 carnem
1131 569 1138 580 ,
1154 543 1213 576 sed

395 609 465 630 non
486 603 618 635 totum,
636 610 698 631 nec
717 598 878 636 omnino,
901 610 962 632 nec
981 600 1016 632 in
1035 598 1211 634 omnibus.

396 655 520 687 Verum
540 655 631 687 cnim
649 666 732 688 vero
748 665 863 687 nonne
879 655 1055 689 evidenter
1070 657 1213 690 insaniet

395 712 421 744 si
448 712 524 756 quis
551 711 664 745 dicere
691 718 747 746 aut
773 712 914 746 credere
940 713 1018 747 talia
1042 714 1148 748 velit?
1174 715 1213 748 In

395 769 514 814 primis
540 770 650 808 aiunt,
673 768 826 803 Verbum
845 769 937 803 haud
958 782 993 803 se
1011 777 1123 804 totum
1149 772 1215 805 im-

394 831 544 859 mutasse
565 826 616 860 vel
637 827 897 860 conversionem
916 838 1071 872 passum:
1089 828 1214 862 deinde

395 896 474 917 eum
501 883 627 917 finibus
653 882 958 921 circumscribunt,
981 884 1136 919 dicentes
1161 886 1214 932 ip-

395 953 471 975 sum
496 942 685 986 quantitate
710 942 901 981 contineri,
930 942 1009 977 loco
1035 943 1211 982 cohiberi,

395 999 460 1033 sub
486 999 723 1033 definitionem
750 999 890 1039 cadere,
913 1007 946 1034 et
965 1012 1044 1034 cum
1064 1001 1138 1035 aliis
1160 1014 1215 1036 re-

395 1056 460 1090 bus
479 1058 734 1090 connumerari,
758 1057 944 1097 Quomodo
964 1064 1078 1092 autem
1097 1059 1131 1092 hi
1152 1060 1215 1093 ad-

396 1115 536 1148 versarii
556 1115 732 1160 ignorant,
754 1126 880 1160 corpus
897 1115 993 1160 quod
1011 1117 1053 1149 sit
1072 1116 1214 1151 divisio-

395 1172 446 1205 nis
473 1183 596 1217 capax,
618 1172 734 1205 omnia
760 1183 897 1217 semper
924 1173 1011 1218 pati,
1032 1184 1121 1218 quae
1143 1174 1214 1207 sin—

395 1228 493 1273 gulae
521 1233 634 1273 partes
659 1228 731 1261 cius
754 1229 957 1274 patiuntur?
982 1230 1102 1275 Neque
1120 1232 1212 1264 enim

395 1285 454 1319 uni
469 1284 709 1318 membrorum
727 1285 797 1330 pati
811 1286 1041 1331 contingeret,
1058 1287 1122 1320 nisi
1138 1288 1213 1321 uni-

394 1354 493 1376 versa
521 1343 677 1388 corporis
704 1349 824 1376 natura
851 1343 1013 1388 patiendo
1033 1344 1122 1378 foret
1148 1344 1214 1378 ob·-

394 1400 509 1433 noxia.
527 1400 668 1433 Interim
684 1400 717 1433 hi
734 1411 797 1434 nos
811 1407 939 1446 cogunt
953 1401 996 1435 ad
1011 1401 1116 1436 verba
1131 1414 1214 1448 quo-

394 1468 461 1502 que
487 1457 628 1490 minime
647 1456 748 1491 nobis
767 1464 956 1503 spontanea
982 1458 1210 1493 descendere:

393 1514 453 1547 sed
472 1515 570 1548 venia
591 1516 685 1560 prius
705 1526 722 1548 a
740 1514 855 1548 Verbo
873 1515 934 1549 Dei
954 1515 1142 1561 postulata,
1159 1516 1214 1550 di-

394 1572 520 1610 cimus,
538 1572 633 1617 quod
648 1573 675 1605 si
696 1572 784 1605 forte
799 1571 1010 1606 mutabilitas
1022 1572 1065 1607 ab
1081 1585 1123 1607 eo
1142 1585 1212 1607 non

395 1635 481 1662 esset
499 1629 609 1662 aliena
621 1655 628 1667 ,
646 1640 758 1674 neque
772 1629 822 1662 illi
838 1630 1060 1675 impossibilis
1074 1631 1147 1664 eius
1162 1632 1211 1665 rei

395 1687 524 1731 passio,
541 1688 660 1732 utique
675 1687 717 1721 ad
734 1694 866 1732 patrem
879 1698 1019 1732 quoque
1037 1694 1212 1722 sanctum-

395 1755 462 1788 que
485 1744 648 1788 Spiritum
674 1745 724 1777 vis
751 1745 852 1778 huius
871 1743 1106 1790 blasphemiae
1132 1757 1212 1790 per-

394 1801 543 1834 veniret:
561 1807 631 1834 tota
649 1807 699 1835 est
713 1802 804 1835 enim
817 1801 1117 1836 consubstantialis
1135 1813 1211 1836 san·

395 1858 542 1891 ctissima
560 1859 705 1891 Trinitas
724 1865 757 1892 et
777 1858 1001 1892 inmutabilis.
1027 1860 1211 1900 Quodnam

394 1925 477 1947 vero
503 1914 612 1948 robur
637 1915 827 1949 infirmitati
854 1922 991 1950 nostrae
1010 1917 1212 1961 impetrare-

394 1983 488 2011 mus,
504 1973 530 2005 si
548 1973 637 2005 Deus
656 1984 763 2018 aeque
784 1984 821 2007 ac
840 1985 903 2007 nos
923 1974 1011 2007 foret
1032 1974 1208 2013 infirmus,

395 2035 496 2073 atque
515 2030 549 2062 in
567 2041 604 2063 ea
624 2031 776 2064 converti
797 2037 928 2076 posset,
944 2042 1032 2076 quae
1046 2030 1148 2064 nobis
1161 2031 1212 2064 ef-

395 2086 457 2119 fari
478 2098 547 2120 non
567 2087 665 2125 licet,
687 2088 817 2121 etiamsi
844 2087 888 2122 ab
914 2089 989 2122 aliis
1012 2089 1139 2123 diserte
1157 2089 1211 2122 di-

394 2149 446 2177 cta
463 2144 645 2178 audimus?
665 2145 728 2178 Sed
749 2159 763 2176 «
781 2145 895 2179 ridete
910 2158 981 2184 me,
999 2147 1111 2192 inquit
1125 2147 1211 2180 scri-

397 2215 412 2230 »
437 2207 537 2246 ptura
556 2202 566 2211 “
577 2228 585 2240 ,
601 2203 681 2247 quia
702 2203 773 2248 ipse
792 2215 868 2236 sum
881 2229 888 2241 .
904 2210 937 2237 et
956 2216 1026 2237 non
1042 2216 1118 2238 sum
1133 2216 1211 2238 mu-

398 2273 412 2289 »
436 2265 537 2292 tatus.
564 2274 578 2291 »
604 2261 688 2293 Tum
708 2267 740 2294 et
759 2261 859 2295 divus
878 2262 1053 2306 psalmista
1075 2262 1084 2271 '
1108 2276 1123 2293 «
1148 2262 1211 2295 ali-

397 2330 411 2346 »
435 2315 512 2349 cubi
539 2318 646 2350 canit:
668 2328 773 2362 opera
793 2329 957 2351 manuum
975 2325 1111 2352 tuarum
1131 2325 1210 2353 sunt

398 2388 412 2405 >›
436 2374 536 2407 caeli:
555 2375 617 2420 ipsi
633 2374 812 2419 peribunt,
831 2382 865 2408 tu
881 2382 993 2409 autem
1011 2387 1206 2422 permanes:

398 2447 412 2461 n
434 2432 497 2477 ipsi
514 2438 722 2466 veterascent
736 2444 855 2466 omnes
870 2445 932 2467 ceu
945 2435 1187 2467 vestimentum
1199 2461 1207 2473 ‚

398 2503 412 2519 »
434 2495 467 2521 et
486 2494 660 2534 tamquam
679 2489 822 2534 pallium
842 2491 992 2523 invertes
1011 2502 1088 2529 eos,
1105 2498 1138 2524 et
1157 2492 1210 2525 in-

396 2560 411 2576 »
433 2552 629 2583 vertentur:
651 2545 709 2579 sed
736 2552 772 2579 tu
799 2546 891 2580 idem
918 2559 969 2585 es,
994 2553 1027 2580 et
1053 2549 1132 2581 anni
1161 2550 1208 2582 tui

397 2617 411 2633 »
435 2614 504 2636 non
518 2602 693 2637 finientur.
714 2618 729 2634 »
746 2603 990 2637 Animadverte
1003 2605 1106 2649 igitur
1121 2616 1210 2650 quo-

393 2659 499 2693 modo
518 2660 659 2694 edoctus
679 2672 697 2693 a
717 2662 789 2694 Deo
809 2660 996 2706 propbeta,
1017 2661 1059 2694 ad
1080 2668 1210 2696 creata-

395 2728 471 2750 rum
491 2729 606 2751 rerum
627 2723 783 2751 naturam
807 2717 1072 2751 mutabilitatem
1091 2731 1210 2753 aman-

395 2773 469 2811 dat,
487 2775 582 2808 cuius
601 2776 647 2808 rei
668 2781 867 2820 argumenta
884 2774 1072 2809 ordinatim
1091 2777 1210 2810 recitat

396 2830 509 2864 dicens
529 2832 601 2866 fore
620 2839 656 2866 ut
672 2833 754 2866 caeli
771 2838 1031 2869 consenescant:
1048 2844 1210 2878 supremo

1024 191 1052 214 S.
1080 192 1209 215 cYmLu
1235 193 1456 217 ALEXANDRINI

1273 264 1391 292 autem
1406 259 1478 291 Deo
1496 255 1811 292 immutabilitatem
1830 265 2028 299 conservat,
2046 258 2101 306 ip—

1276 326 1355 348 sum
1376 314 1526 348 eundem
1546 314 1621 348 sore
1646 326 1783 361 semper
1807 321 1909 361 atque
1935 317 2098 351 immuta-

1273 372 1381 407 bilem
1409 379 1549 406 testans.
1578 373 1682 407 Sicuti
1708 380 1823 407 autem
1849 385 1920 407 non
1945 380 1996 408 est
2022 386 2098 409 cre-

1272 430 1429 464 dendum
1440 455 1448 467 ,
1466 430 1575 463 ullam
1589 441 1661 463 esse
1676 436 1744 463 tam
1761 431 1985 465 necessariam
2000 443 2073 465 rem
2086 457 2094 471 ,

1271 499 1360 533 quae
1373 485 1478 520 Verbi
1492 493 1649 520 naturam
1665 487 1748 520 inid
1763 493 1983 526 convertere,
1999 487 2096 533 quod

1273 555 1393 589 reapse
1419 555 1490 577 non
1516 550 1585 582 est,
1606 551 1729 590 quea13
1754 545 1799 578 ita
1825 544 1922 578 nulla
1946 545 2096 578 vicissim

1272 608 1429 635 creatura
1451 601 1494 635 ad
1513 601 1649 635 deitatis
1668 608 1827 635 naturam
1846 602 1996 646 migrare
2015 608 2096 647 pot-

1272 660 1355 697 erit;
1373 670 1416 692 ne
1433 658 1542 692 multa
1562 658 1723 704 deinceps
1739 659 1769 692 ei
1784 659 2024 703 contingerent
2041 660 2096 692 in-

1271 716 1513 750 convenientia
1525 742 1533 755 ,
1553 727 1642 761 quae
1665 728 1746 750 sane
1765 715 1984 749 inveniabilis
2002 714 2096 749 blas-

1273 772 1414 817 phemia
1441 772 1543 806 foret.
1572 773 1670 806 Certe
1689 773 1714 806 si
1734 773 1848 818 aliqua
1875 779 2031 807 creatura
2051 772 2095 806 ad

1271 829 1409 863 deitatis
1425 835 1552 863 statum
1571 830 1774 864 naturaliter
1794 831 1973 869 transiret,
1990 841 2095 864 nemo

1271 887 1339 920 iam
1358 898 1376 920 a
1395 894 1488 921 recta
1506 887 1645 921 deviare
1663 889 1829 922 sententia
1849 887 2024 921 videretur
2036 913 2044 926 ,
2065 887 2093 921 si

1270 944 1360 978 forte
1373 944 1501 978 diceret
1517 955 1592 978 eam
1606 956 1647 978 ex
1662 945 1774 979 nihilo
1788 955 1860 979 esse
1876 944 2001 978 factam
2011 970 2018 983 ,
2032 944 2093 978 sed

1270 1001 1350 1035 ideo
1364 1002 1527 1036 materiae
1539 1002 1744 1048 particulam
1758 1001 1822 1035 sibi
1837 1002 2041 1047 sumpsisse,
2055 1007 2094 1035 ut

1270 1060 1449 1094 existeret:
1468 1066 1542 1093 tum
1558 1070 1684 1105 corpus
1699 1059 1887 1104 aliquando
1905 1059 2093 1092 extiturum

1269 1116 1304 1149 in
1317 1115 1507 1150 substantia
1521 1127 1591 1149 non
1607 1116 1798 1161 corporali:
1815 1127 1959 1161 remque
1973 1114 2094 1149 visibi-

1270 1172 1339 1207 lem
1359 1184 1397 1207 ac
1415 1174 1520 1208 tactui
1539 1172 1727 1207 subiectam
1740 1199 1748 1212 ‚
1771 1172 1846 1207 fieri
1864 1179 1984 1218 postea
2002 1173 2095 1205 invi-

1268 1229 1405 1264 sibilem
1420 1237 1453 1264 et
1467 1230 1566 1264 nullo
1581 1236 1672 1264 tactu
1692 1230 1924 1264 sentiendam:
1941 1228 2092 1274 denique

1270 1298 1396 1332 corpus
1410 1287 1498 1321 illud
1517 1288 1624 1321 vitam
1643 1287 1675 1320 vi
1695 1287 1859 1332 propriae
1873 1293 2016 1320 naturae
2029 1285 2092 1319 lia-

1269 1343 1370 1383 bere,
1390 1345 1440 1379 uti
1462 1344 1618 1379 Verbum
1643 1345 1749 1378 vitam
1777 1356 1795 1378 a
1822 1350 1919 1390 patre
1946 1344 2089 1389 accepit.

1268 1402 1374 1436 Aiunt
1390 1403 1532 1448 insuper
1543 1428 1550 1441 ‚
1568 1402 1683 1448 ipsum
1698 1402 1734 1435 in
1748 1413 1787 1436 ea
1802 1402 1992 1435 mutatione
2007 1412 2093 1434 con-

1269 1459 1592 1494 substantialitatem
1612 1470 1690 1493 cum
1711 1465 1833 1493 natura
1851 1465 1969 1492 nostra
1987 1458 2093 1491 fuisse

1269 1517 1433 1563 adeptum
1444 1543 1451 1556 ,
1467 1528 1510 1551 ne
1529 1517 1607 1562 quis
1626 1516 1716 1550 forte
1730 1517 1857 1550 diserte
1872 1516 2003 1550 diceret
2015 1541 2022 1554 ‚
2039 1515 2094 1548 vi-

1270 1580 1338 1608 tam
1353 1575 1382 1608 ei
1397 1586 1468 1608 non
1488 1575 1614 1608 inesse:
1633 1585 1745 1619 neque
1761 1586 1834 1608 esse
1847 1573 2068 1608 inconfusum
2080 1598 2090 1611 ,

1268 1631 1435 1677 quicquid
1454 1631 1633 1676 corrumpi
1652 1637 1777 1676 potest.
1806 1632 1891 1664 Tum
1915 1630 2093 1675 opinioni-

1269 1688 1334 1722 bus
1353 1689 1422 1722 suis
1436 1688 1701 1734 dispensationis
1716 1699 1856 1722 carnem
1869 1693 2088 1733 oppugnant.

1268 1745 1339 1778 Iam
1357 1757 1422 1790 ego
1440 1745 1525 1791 quid
1543 1745 1678 1778 dicam?
1698 1745 1867 1778 Dominus
1884 1745 1976 1777 Deus
1988 1742 2092 1777 nobis

1269 1803 1445 1848 apparuit,
1460 1809 1497 1836 ut
1513 1802 1773 1848 corruptionem
1789 1802 1953 1835 adversus
1966 1812 2029 1834 nos
2042 1812 2092 1834 re-

1267 1859 1456 1894 bellantem
1475 1859 1688 1899 destrueret‚
1711 1871 1781 1893 non
1801 1870 1885 1892 vero
1911 1864 1949 1892 ut
1974 1864 2092 1892 osten-

1267 1917 1364 1951 deret
1391 1923 1549 1951 naturam
1576 1928 1674 1950 suam
1700 1915 1823 1949 factam
1851 1927 1923 1949 esse
1950 1916 2092 1961 partici-

1267 1975 1377 2020 cipem
1405 1975 1658 2020 corruptionis:
1679 1973 1739 2007 sed
1759 1985 1855 2007 suam
1874 1973 1998 2007 factam
2016 1984 2091 2007 esse

1266 2032 1517 2066 demonstravit
1543 2043 1684 2066 carnem
1712 2031 1809 2064 illam
1826 2057 1834 2069 ,
1865 2042 1953 2076 quae
1984 2031 2089 2064 morti

1266 2096 1339 2124 erat
1359 2091 1565 2135 mancipata.
1595 2089 1660 2123 Sed
1681 2100 1764 2123 num
1790 2089 1877 2122 iuste
1901 2087 2091 2133 aliquando

1266 2148 1452 2182 contendet
1471 2148 1594 2193 aliquis
1607 2174 1615 2187 ,
1634 2148 1745 2181 Deum
1763 2146 1916 2180 Verbum
1936 2148 1970 2179 in
1990 2152 2089 2180 natu—

1266 2217 1340 2239 ram
1359 2217 1563 2250 corpoream
1584 2217 1657 2239 esse
1684 2202 1881 2238 mutatum?
1906 2210 1963 2238 aut
1989 2214 2088 2237 versa

1265 2263 1338 2295 vice
1365 2274 1503 2296 carnem
1523 2261 1567 2295 ad
1586 2262 1645 2295 Dei
1665 2267 1825 2295 naturam
1843 2261 2026 2305 migrasse,
2050 2265 2088 2293 ut

1265 2321 1328 2366 ipsi
1356 2320 1454 2354 tieret
1484 2318 1813 2354 consubstantialis?
1839 2320 1929 2352 Num
1961 2329 2024 2351 nos
2049 2329 2088 2352 ea

1265 2376 1407 2410 credere
1433 2383 1572 2422 oportet
1587 2402 1595 2415 ,
1624 2387 1713 2421 quac
1743 2376 1887 2409 omnino
1916 2374 2088 2409 credenda

1265 2444 1336 2467 non
1363 2434 1467 2466 sunt?

1331 2521 1389 2554 111.
1419 2519 1517 2553 Idem
1545 2519 1696 2566 Cyrillus
1716 2519 1753 2553 in
1774 2519 1894 2553 eodem
1915 2519 2019 2553 libro.

1338 2602 1491 2638 Verbum
1506 2604 1550 2638 de
1565 2604 1661 2637 caelo
1675 2603 1809 2650 lapsum
1820 2629 1828 2641 ,
1844 2610 1877 2637 et
1895 2605 1991 2637 cuius
2006 2615 2086 2648 pro-

1265 2662 1339 2707 pria
1366 2673 1447 2695 caro
1467 2662 1554 2695 facta
1573 2668 1643 2699 est,
1666 2672 1783 2695 revera
1803 2661 1847 2694 de
1866 2661 1962 2695 caelo
1982 2660 2087 2694 adve-

1266 2720 1354 2753 nisse
1374 2719 1517 2758 dicitur,
1540 2720 1714 2764 vitamque
1733 2718 1866 2752 mundo
1884 2717 2082 2752 contulisse.

1264 2778 1385 2811 Divina
1405 2788 1487 2810 caro
1505 2783 1555 2810 est
1574 2778 1706 2821 itaque,
1729 2782 1763 2809 ut
1786 2777 1853 2809 iam
1872 2775 1959 2808 dixi:
1983 2785 2085 2807 nemo
2118 2784 2121 2789 ·

1264 2841 1378 2868 tamen
1406 2840 1497 2868 recta
1524 2835 1657 2868 ratione
1676 2833 1921 2877 intellectuque
1946 2831 2086 2878 praedi-
