2219 3322
127 1550 132 1554 ·
150 1547 164 1566 1.
186 1547 228 1566 lun
255 1547 280 1567 ll.
297 1551 315 1567 ἶι.

139 2703 144 2707 ”
163 2700 316 2720 {anxir-1.

347 199 416 233 ,¹428

347 286 402 309 res
417 280 485 307 tota
504 284 638 319 pessum
655 271 813 309 daretur,
830 281 908 305 cum
927 270 1080 305 indidem
1095 283 1163 306 ma-

348 338 450 365 nante
478 330 735 365 it1stilicatione;
758 334 1080 374 consequenterque
1104 340 1167 363 nos

349 389 462 422 adhuc
481 389 514 421 in
536 386 822 433 peccatisnostris
841 397 1037 423 manemus,
1055 397 1167 431 neque

348 452 505 478 'veterum
532 444 712 489 culparum
733 449 929 484 nostrarum
951 442 1072 477 sordes
1097 443 1168 477 dis—

348 513 464 535 cussae
491 507 581 535 sunt.

415 590 454 622 V.
485 588 580 621 Idem
611 587 762 624 Cvrt'llus
789 587 824 621 in
851 588 970 622 eodem
997 587 1099 623 libro.

423 677 454 709 Si
474 686 555 709 caro
569 672 671 708 Verbi
688 685 705 707 a
721 679 856 707 nostrae
872 674 982 707 carnis
997 673 1169 708 conditio-

349 745 392 767 nc
411 734 619 769 recessisset,
636 732 795 777 superior
814 730 914 764 nobis
933 731 1070 769 effecta,
1087 732 1167 776 quia

350 792 383 824 in
403 790 565 823 deitatem
585 800 665 823 conx
675 800 766 825 ersa,
784 788 902 821 salutis
922 794 1059 822 nostrae
1079 787 1168 822 basis

349 854 546 884 corrueret,
570 858 702 891 nosque
721 846 808 879 adeo
828 844 892 879 sub
912 846 1033 879 mortis
1050 857 1168 891 pecca-

350 907 443 951 tique
462 905 636 939 saevitiam
656 904 903 937 recideremus.
932 904 1023 937 Sicut
1044 903 1169 937 domus

349 963 483 995 murive
503 960 656 995 subrutis
675 960 802 993 infimis
821 959 1070 998 fundamentis,
1091 962 1170 994 uni-

349 1031 487 1052 versum
501 1017 695 1052 aedificium
710 1016 941 1056 dilaberetur,
957 1024 989 1051 et
1004 1018 1169 1062 quicquid

350 1076 417 1109 illis
450 1075 569 1109 fulcris
598 1081 873 1120 superstructum
903 1074 1015 1108 fuerat
1030 1088 1037 1113 ;
1066 1075 1111 1109 ita
1141 1076 1170 1109 si

353 1133 523 1178 [nigeniti
543 1144 621 1166 cum
642 1144 744 1166 carne
769 1132 979 1178 dispensatio
997 1144 1079 1166 vera
1098 1144 1169 1167 non

349 1197 457 1229 esset,
482 1202 537 1224 res
564 1197 700 1224 nostrae
726 1190 827 1223 simul
855 1196 957 1236 atque
983 1190 1018 1223 in
1044 1201 1170 1236 perpe-

350 1254 448 1281 tuum
469 1254 707 1281 everterentur
725 1253 757 1281 et
777 1246 934 1280 infirmae
953 1246 1088 1280 fierent.
1117 1247 1170 1281 Sic

350 1306 404 1339 aio
427 1306 574 1351 pariter,
595 1305 691 1350 quod
710 1305 737 1338 si
756 1303 860 1338 Verbi
880 1316 960 1339 caro
978 1306 1014 1338 in
1033 1305 1169 1339 deitatis

351 1369 509 1396 naturam
535 1368 662 1396 mutata
691 1362 827 1399 fuisset,
849 1363 1041 1396 necessario
1067 1368 1169 1408 atque

351 1421 384 1453 in
401 1426 579 1454 aeternum
595 1431 613 1454 a
629 1419 690 1453 filii
705 1420 853 1453 hominis
867 1419 1099 1465 appellatione
1112 1431 1170 1453 ex-

352 1477 492 1511 cideret.
514 1477 583 1511 Cur
595 1488 679 1523 ergo
694 1477 964 1522 sapientissimus
978 1477 1103 1510 Paulus
1116 1476 1170 1510 di-

350 1535 452 1568 xisset
468 1535 498 1567 ἐ
519 1548 534 1565 «
552 1545 640 1568 unus
654 1540 702 1568 est
718 1535 826 1572 Deus,
842 1539 875 1567 et
894 1545 984 1567 unus
999 1533 1170 1567 mediator

354 1607 369 1624 »
393 1594 484 1627 inter
508 1594 619 1626 Deum
638 1599 670 1626 et
690 1593 866 1630 homines,
889 1592 997 1626 homo
1015 1592 1170 1626 Christus

354 1665 369 1681 »
392 1651 502 1689 lesus,
517 1651 577 1695 qui
597 1649 693 1683 dedit
714 1662 748 1683 se
763 1651 874 1695 ipsum
894 1650 1169 1695 redemptionem

355 1722 370 1739 »
393 1719 459 1753 pro
478 1707 601 1741 nobis?
618 1722 633 1739 »
650 1709 708 1741 Est
728 1708 798 1753 ipse
818 1707 988 1741 mediator
1006 1712 1043 1740 ut
1056 1707 1166 1744 Deus:

350 1765 513 1810 idemque
530 1765 637 1799 homo
655 1765 774 1803 simul,
792 1766 902 1798 Deum
917 1770 1049 1810 patrem
1068 1763 1169 1798 nobis

351 1822 506 1867 placans:
523 1823 595 1868 ipse
609 1834 698 1856 unus
712 1829 762 1856 est
777 1823 811 1855 in
826 1823 925 1856 unica
941 1822 1166 1860 adunatione,

352 1880 386 1912 in
406 1891 473 1924 qua
493 1891 573 1913 sane
592 1880 713 1925 grandi
733 1891 811 1914 cum
832 1879 1027 1913 differentia
1047 1879 1170 1912 distin-

350 1943 503 1982 guuntur
517 1938 731 1983 natnraetlJ:
746 1937 886 1971 eaedem
901 1944 1014 1970 tamen
1030 1948 1170 1970 concur-

351 2001 432 2028 runt
457 1995 557 2028 simul
578 1997 613 2028 in
633 1995 824 2033 Christum,
845 2002 877 2030 et
899 1996 933 2029 in
953 1994 1168 2028 inconfusam

351 2052 593 2087 adunationem
608 2060 710 2099 atque
725 2053 966 2088 insolubilem:
980 2053 1099 2086 similis
1114 2065 1170 2098 pa-

353 2111 394 2144 tri
421 2117 470 2144 est
497 2111 640 2150 deitate,
662 2112 781 2146 similis
808 2110 908 2145 nobis
934 2111 1166 2144 humanitate:

352 2174 453 2212 atque
471 2169 518 2202 ita
537 2170 756 2213 cognoscitur
778 2170 885 2203 homo
904 2169 1056 2203 Christus
1076 2170 1168 2203 Iesus

351 2226 522 2260 mediator
546 2233 673 2260 noster.
703 2227 804 2267 Quod
824 2228 850 2261 si
871 2225 1114 2260 abominabilis
1133 2228 1167 2260 in

352 2294 411 2319 eo,
436 2289 472 2316 ut
491 2284 544 2316 isti
565 2284 706 2322 volunt,
730 2296 809 2318 caro
835 2290 941 2321 esset.
967 2285 1014 2317 rei
1034 2295 1168 2318 summa

352 2340 396 2374 de
410 2341 525 2375 medio
541 2341 722 2375 tolleretur
734 2368 741 2380 ,
761 2353 821 2375 nec
834 2342 902 2375 iam
917 2342 988 2386 ipse
1003 2342 1168 2375 internos

352 2404 554 2443 patremque
573 2410 674 2432 suum
693 2399 862 2433 mediator
880 2405 979 2432 esset.
995 2399 1088 2432 Tunc
1107 2411 1168 2433 au-

352 2461 422 2488 tem
448 2456 627 2501 quomodo
647 2456 688 2489 ad
708 2456 808 2489 illurn
827 2456 1090 2490 accederemus?
1111 2464 1168 2490 aut

354 2520 444 2547 certe
462 2514 539 2559 quis
557 2525 618 2547 nos
633 2513 682 2546 illi
701 2513 922 2547 admoveret?
937 2514 1013 2559 quis
1027 2513 1168 2547 demum

354 2578 545 2616 superesset
571 2570 765 2605 mediator?
788 2572 892 2603 Divus
911 2570 1034 2603 Paulus
1060 2570 1164 2609 dixit,

353 2629 529 2663 hominem
543 2640 615 2662 esse
630 2629 868 2662 mediatorem.
884 2629 969 2661 Tum
986 2629 1057 2673 ipse
1072 2628 1168 2661 Chri·

352 2692 424 2720 stus
438 2687 548 2732 inquit
566 2687 595 2719 ‘:
617 2700 632 2717 «
652 2697 753 2719 nemo
766 2685 859 2719 venit
877 2685 919 2718 ad
935 2691 1066 2730 patrem
1079 2711 1087 2723 ,
1105 2687 1169 2719 nisi

358 2758 372 2773 »
395 2755 456 2789 per
481 2755 548 2777 me.
575 2758 589 2775 »
613 2745 852 2777 Portentosum
875 2748 923 2775 est
947 2754 1031 2787 crgo
1056 2749 1088 2776 et
1116 2743 1169 2775 in-

979 206 995 229 S
1001 220 1008 229 .
1033 206 1162 230 CYRILLI
1188 206 1408 231 ALEXANnmxt

1220 273 1313 306 sania
1328 271 1472 318 plenum
1492 276 1727 305 commentum
1746 269 1888 306 illorum
1906 273 1965 319 qui
1981 285 2043 308 na·-

1222 334 1315 362 turas
1341 327 1574 362 confundunt.

1292 416 1349 449 w.
1374 414 1472 449 Idem
1494 415 1645 462 Cyrillns
1666 415 1702 450 in
1722 417 1841 451 eodem
1864 417 1967 452 libro.

1294 500 1409 540 Quum
1436 499 1527 533 filius
1553 500 1703 534 hominis
1725 503 1876 541 venerit,
1898 514 1981 536 num
2008 504 2043 537 in

1222 563 1312 591 terra
1328 556 1433 591 fidem
1447 558 1599 591 inveniet
1614 556 1652 591 ⁹?
1671 559 1769 592 Nunc
1787 560 1986 604 quaerimus
2000 560 2044 594 ab

1223 614 1444 652 adversariis.
1464 626 1652 660 quamnam
1670 616 1762 649 xolet
1783 615 1933 650 hominis
1953 616 2044 652 filius

1222 671 1327 705 fidem
1354 673 1528 712 invenire,
1553 684 1632 706 cum
1651 672 1695 706 de
1715 673 1810 707 caelo
1836 674 2041 714 descendet.

1223 729 1315 775 apud
1335 740 1394 763 eos
1411 731 1470 775 qui
1484 730 1519 763 in
1533 737 1623 764 terra
1639 731 1845 764 versantur?
1864 731 1924 764 Vel
1941 732 2046 777 quid-

1223 798 1303 820 nam
1322 787 1366 820 de
1385 798 1427 820 eo
1446 788 1581 832 opinari
1609 789 1818 834 possumus?
1844 790 1935 822 Num
1955 789 2045 823 forte

1223 844 1419 879 abiecturus
1445 851 1495 878 est
1523 845 1584 878 filii
1611 845 1762 879 hominis
1788 846 2042 885 conditionem,

1223 913 1266 936 an
1285 903 1401 948 potius
1415 903 1449 935 in
1465 903 1689 937 similitudine
1703 910 1820 937 nostra
1840 914 2023 938 mansurus
2034 929 2043 943 ,

1223 966 1260 993 ut
1280 959 1387 994 homo
1406 971 1478 994 esse
1493 960 1676 994 credatur?
1692 960 1792 1001 Quod
1808 962 1834 994 si
1849 961 1951 1007 longe
1966 961 2046 995 abe-

1223 1023 1328 1055 esset,
1347 1023 1385 1051 ut
1405 1018 1517 1063 ipsum
1538 1028 1646 1063 aeque
1665 1029 1703 1051 ac
1722 1029 1785 1052 nos
1798 1018 1975 1052 hominem
1991 1030 2047 1052 re-

1224 1080 1346 1120 putare
1360 1086 1541 1120 possemus
1552 1087 1560 1113 ;
1573 1081 1868 1120 consequenterne
1882 1075 1996 1110 dicere
2011 1075 2047 1109 li-

1224 1138 1317 1166 ceret
1335 1138 1522 1166 venturum
1550 1132 1694 1166 fortasse
1720 1143 1781 1166 ceu
1804 1133 1982 1167 hominem
2008 1140 2047 1167 ut

1224 1188 1331 1223 fidem
1350 1190 1385 1222 in
1405 1195 1496 1223 terra
1512 1189 1682 1228 inreniat,
1699 1196 1732 1224 et
1748 1201 1819 1223 non
1834 1191 1949 1235 potius
1962 1202 2047 1224 ven-

1225 1253 1341 1280 turum
1361 1258 1424 1281 ceu
1443 1248 1553 1280 Deum
1572 1247 1725 1281 Verbum
1752 1247 1898 1293 simplex
1917 1254 1950 1281 et
1969 1246 2048 1281 abs-

1224 1315 1292 1349 que
1318 1316 1440 1342 carne,
1462 1310 1501 1338 ut
1519 1304 1607 1338 hanc
1625 1304 1730 1339 fidem
1750 1304 1843 1350 apud
1868 1311 2048 1339 terrestres

1224 1361 1373 1395 inveniat
1384 1362 1401 1395 i>
1420 1361 1486 1396 Sed
1499 1363 1580 1408 quia
1599 1363 1743 1408 ipsemet
1763 1362 1943 1397 manifeste
1956 1375 1992 1397 se
2006 1363 2048 1397 fi-

1224 1417 1310 1452 lium
1330 1419 1481 1453 hominis
1498 1420 1659 1453 vocitavit
1680 1425 1838 1465 tempore
1853 1421 1955 1454 etiam
1975 1431 2047 1465 quo

1224 1476 1268 1510 de
1288 1476 1384 1510 caelo
1403 1476 1579 1510 rediturus
1593 1482 1643 1510 est
1658 1477 1690 1515 '3
1707 1476 1787 1510 hinc
1801 1483 1954 1515 constat,
1973 1488 2048 1512 car-

1225 1545 1304 1568 nem
1318 1532 1362 1567 ab
1378 1545 1420 1567 eo
1439 1535 1472 1567 in
1493 1533 1588 1568 aliud
1602 1533 1752 1579 quodvis
1766 1545 1837 1567 non
1853 1534 1957 1568 fuisse
1970 1546 2048 1568 mu-

1224 1597 1348 1629 tatam,
1369 1591 1429 1625 sed
1457 1591 1645 1636 gloriosam
1665 1591 1758 1637 apud
1776 1603 1857 1625 eum
1882 1603 2043 1631 manere,

1225 1647 1548 1694 incorruptibilem,
1577 1649 1649 1682 sine
1674 1648 1828 1687 macula,
1858 1655 1960 1694 atque
1986 1649 2046 1683 illa

1224 1705 1301 1739 luce
1327 1705 1519 1751 fulgentem
1539 1705 1582 1739 ad
1608 1718 1712 1751 quam
1734 1717 1837 1740 nemo
1858 1713 1969 1752 potest
1990 1718 2046 1741 ac-

1223 1762 1357 1796 cedere.
1380 1764 1489 1796 Porro
1504 1762 1596 1797 haud
1615 1775 1693 1797 cum
1712 1763 1774 1797 illo
1794 1765 1905 1803 tenni,
1921 1771 1959 1798 ut
1974 1766 2047 1811 pri-

1223 1821 1345 1859 mitus,
1366 1820 1553 1866 splendore
1578 1820 1776 1855 descendet.

1288 1909 1360 1942 Vll.
1384 1909 1484 1942 Idem
1505 1909 1656 1955 erillus
1676 1908 1712 1942 in
1731 1909 1850 1943 eodem
1871 1909 1975 1943 libro.

1294 1994 1327 2027 Si
1350 2005 1431 2028 caro
1450 1995 1524 2027 eius
1542 1993 1585 2027 ad
1606 2000 1765 2028 naturam
1785 1994 1919 2029 deitatis
1938 1996 2046 2040 ipsius

1222 2053 1417 2089 transisset,
1440 2052 1508 2085 iam
1529 2051 1620 2085 filius
1639 2052 1790 2085 hominis
1810 2062 1883 2085 esse
1909 2051 2045 2086 desine-

1221 2116 1292 2147 ret;
1310 2110 1492 2156 palamque
1503 2108 1667 2144 omnibus
1681 2109 1777 2143 fieret
1789 2136 1796 2147 .
1807 2110 1952 2155 gloriam
1967 2109 2046 2144 ado-

1222 2168 1351 2213 ptionis
1365 2167 1475 2200 amitti
1495 2178 1512 2200 a
1532 2166 1650 2205 nobis,
1668 2173 1844 2212 tamquam
1864 2168 1891 2200 si
1912 2168 2045 2212 primo-

1222 2226 1378 2270 genitum
1404 2225 1494 2258 inter
1519 2224 1649 2258 multos
1675 2223 1798 2258 fratres
1817 2224 1946 2258 diutius
1973 2236 2043 2259 non

1222 2280 1441 2316 haberemus.

1280 2372 1368 2405 Vlll.
1393 2371 1493 2405 Idem
1516 2370 1667 2406 cyrillus
1687 2369 1721 2403 ιή
1744 2370 1861 2403 eodem
1881 2370 1985 2404 libro.

1294 2457 1372 2489 Non
1392 2462 1534 2501 apparet
1547 2454 1700 2489 Verbum
1721 2466 1858 2489 carnem
1872 2461 2040 2495 mutasse,

1222 2524 1310 2558 quae
1319 2511 1643 2550 inconvertibiliter,
1654 2518 1686 2545 et
1698 2511 1828 2557 absque
1839 2511 2044 2546 confusione

1222 2571 1272 2604 illi
1299 2571 1481 2604 coniuncta
1502 2576 1549 2603 est
1570 2570 1605 2603 in
1625 2569 1760 2603 deitatis
1786 2575 1921 2603 natura.
1950 2568 2042 2602 Illud

1222 2629 1338 2673 potius
1350 2627 1575 2661 observamus
1585 2653 1592 2665 ,
1608 2628 1733 2660 merito
1748 2627 1842 2660 illam
1857 2626 1967 2671 gloria
1981 2637 2042 2660 sua

1222 2685 1475 2731 magnificasse,
1492 2684 1754 2729 honoribusque
1765 2685 1837 2718 Deo
1851 2683 1975 2718 debitis
1989 2695 2043 2717 cu-

1222 2743 1388 2777 mulasse:
1406 2749 1508 2788 atque
1523 2743 1567 2776 ita
1582 2749 1736 2788 tempore
1751 2753 1814 2776 suo
1828 2742 1939 2776 carnis
1950 2752 2041 2785 quo-

434 2829 469 2858 (1)
487 2826 570 2853 Vides
590 2826 649 2853 heic
668 2826 751 2853 etiam
771 2830 938 2860 quantopere
953 2825 1072 2861 Cyrillus
1091 2826 1235 2854 abhorreat
1250 2834 1264 2854 a
1280 2827 1369 2854 Severi
1390 2826 1598 2862 monophysitae
1617 2826 1752 2853 sententia
1764 2846 1771 2858 ,
1787 2824 1834 2859 qui
1854 2828 1945 2850 tamen
1961 2822 2039 2851 illius

356 2869 422 2896 miso
442 2871 631 2898 auctoritatem
651 2871 703 2898 sibi
723 2869 925 2906 praetendebat.

2092 567 2099 575 '
2119 565 2171 585 laic.

2079 591 2115 612 Χ»
2125 593 2150 612 11.
2166 595 2186 611 s.

2080 1487 2091 1495 ‘
2107 1484 2189 1506 Mattlr.

2082 1512 2140 1533 xxx
2149 1513 2164 1532 1.
2180 1516 2202 1532 a.
