2219 3322
336 169 405 202 590

338 259 354 275 »
378 244 552 278 unitarum
576 248 779 276 naturarum
804 240 1063 275 distinctionem
1082 253 1156 276 esse

338 317 353 333 »
377 300 637 347 intelligendam
670 311 759 345 quac
791 298 876 332 nihil
910 297 957 333 ob
990 299 1155 333 unionem

339 374 354 391 »
378 360 584 397 amiserunt,
599 358 678 402 quia
698 368 788 390 unus
805 362 856 390 est
873 368 915 390 ex
933 355 1069 390 duabus
1083 356 1130 402 (1)
1144 383 1152 396 ,

340 432 355 448 »
378 424 409 451 et
436 417 524 450 ‹luae
546 416 579 449 in
601 426 692 457 uno3
716 415 744 448 si
771 415 868 460 quis,
893 415 1054 459 inquam,
1075 413 1156 459 plu—

339 489 354 506 »
377 474 439 508 rali
456 474 521 506 hoc
540 483 687 506 numero
704 471 876 511 abutitur,
893 478 932 505 ut
948 477 1088 505 naturas
1101 471 1155 505 di-

339 546 354 562 »
377 532 465 565 visas
476 530 633 569 suadeat,
647 530 700 563 vel
714 529 865 575 singulas
876 530 911 563 in
923 530 1064 575 propria
1075 541 1156 575 per—

339 603 354 620 »
376 600 460 622 sona
487 588 681 625 distinctas.
703 587 759 621 hic
787 588 968 621 anathema
990 586 1045 621 sit.
1071 601 1087 620 »

407 647 441 680 8.
470 647 585 686 Quum
610 657 674 680 nos
699 646 815 691 itaque
842 645 930 679 duas
955 646 991 679 in
1018 645 1155 679 Christo

334 705 411 737 lcsu
437 709 577 737 naturas
602 704 696 737 iuxta
725 703 937 737 catholicum
965 714 1156 748 congrega·-

335 767 450 794 torum
479 759 696 794 Chalcedone
717 766 858 806 patrum
882 771 1021 794 sensum
1046 760 1156 806 proli-

335 825 486 857 tcamur‚
504 818 713 864 persuadere
727 817 829 852 nohis
842 818 937 852 haud
951 829 1153 864 possumus,

333 877 419 921 quin
439 877 461 909 ii
486 887 504 909 a
526 876 599 910 Deo
624 877 692 909 sint
713 875 970 910 condemnandi
990 876 1051 921 qui
1074 886 1156 909 con-

333 933 522 971 tradicunt,
538 944 650 978 neque
670 932 857 966 admittunt
870 939 905 966 et
923 933 996 966 sine
1009 932 1156 967 haesita-

335 991 427 1024 tione
447 989 659 1035 profitentur
673 989 802 1024 dictam
822 990 1047 1024 locutionem.
1068 991 1156 1024 Nam

333 1048 441 1081 sancti
460 1054 576 1093 patres
591 1048 684 1082 haud
703 1047 906 1093 simpliciter
921 1047 1103 1086 dixerunt,
1120 1059 1156 1082 se

334 1104 421 1138 duas
447 1116 632 1150 agnoscere
663 1106 698 1138 in
727 1104 864 1139 Christo
891 1105 969 1138 Iesu
994 1110 1154 1143 naturas,

334 1162 394 1197 sed
410 1174 550 1196 omnem
566 1162 698 1197 aditum
712 1163 873 1197 Nestoi-io
888 1161 1154 1197 obstruxerunt:

334 1227 437 1266 atque
456 1221 502 1255 ita
521 1232 585 1254 nos
603 1220 764 1266 profiteri
783 1220 980 1255 docuerunt
1000 1221 1158 1266 unigeni-

334 1284 409 1311 tum
433 1278 495 1311 Dei
514 1277 686 1317 Verbum,
707 1284 746 1312 ut
768 1289 873 1312 nemo
898 1278 1090 1312 secundum
1114 1278 1158 1311 il-

334 1335 402 1369 lius
415 1336 627 1381 impietatem
642 1335 758 1370 dicere
774 1336 919 1370 auderet
932 1336 1045 1370 Iesum
1059 1335 1159 1369 Chri-

335 1400 426 1427 stum
445 1393 630 1427 dominum
655 1405 718 1439 per
737 1394 1005 1439 homonymiam
1024 1399 1160 1427 tantum

335 1463 374 1485 ac
396 1451 600 1496 dignitatem
620 1452 692 1485 Deo
711 1450 828 1485 Verbo
848 1451 1045 1496 aequalem,
1068 1457 1159 1484 cete-

335 1509 437 1554 roqui
457 1520 615 1542 seorsum
635 1507 678 1542 ab
698 1519 740 1542 eo
753 1508 814 1553 qui
834 1507 878 1542 de
891 1508 1033 1542 Davidis
1051 1508 1159 1553 stirpe

334 1573 397 1601 est.
426 1567 500 1606 Qua
520 1565 649 1600 credita
669 1564 712 1599 ab
732 1577 775 1600 eo
793 1566 962 1611 unigeniti
980 1564 1085 1599 Verbi
1104 1565 1159 1599 di-

335 1623 407 1657 x‘ini
425 1624 460 1656 in
481 1623 552 1657 duo
571 1623 741 1657 divisione
753 1649 760 1662 ‚
780 1634 891 1669 quum
910 1623 1003 1657 illius
1020 1622 1158 1657 hetero-

335 1680 426 1714 doxa
452 1681 621 1715 sententia
646 1681 796 1715 revelata
821 1680 957 1719 fuisset,
980 1687 1095 1727 patres
1119 1687 1159 1715 ut

335 1750 371 1772 se
386 1744 504 1772 contra
518 1738 669 1772 eundem
684 1739 876 1778 munirent,
892 1738 1019 1772 diserte
1034 1739 1068 1771 in
1086 1739 1158 1784 pri-

336 1796 400 1829 mis
427 1796 573 1841 professi
599 1802 679 1832 sunt
698 1802 818 1830 natum
844 1796 888 1830 de
914 1802 1012 1842 patre
1037 1807 1158 1830 secun-

336 1853 421 1887 dum
441 1853 604 1887 deitatem
624 1860 703 1887 ante
719 1854 835 1888 omnia
855 1853 1010 1893 saecula;
1028 1853 1072 1888 de
1087 1854 1159 1887 vir-

336 1911 415 1955 gine
443 1917 557 1944 autem
577 1911 720 1956 deipara
744 1911 936 1945 secundum
961 1911 1159 1946 humanita-

337 1975 426 2010 tem3
448 1968 544 2013 quod
571 1968 630 2002 ille
656 1968 819 2013 deiparae
844 1967 1073 2007 vocabulum,
1096 1980 1159 2002 ceu

337 2036 417 2059 snae
443 2026 600 2070 opinioni
624 2026 855 2064 contrarium,
878 2037 922 2059 ne
942 2025 1062 2059 audire
1080 2026 1160 2071 qui-

336 2083 417 2117 dem
443 2083 621 2122 sustinuit,
642 2083 702 2117 sed
722 2094 822 2117 aures
846 2082 1026 2118 obturavit
1051 2085 1159 2129 magis

336 2152 441 2186 quam
472 2142 495 2174 ii
527 2142 587 2187 qui
616 2148 775 2176 sanctum
801 2142 1016 2188 Stephanum
1040 2143 1160 2176 interi-

338 2198 454 2232 mendi
472 2210 571 2233 causa
590 2198 889 2233 circumsistebant
902 2212 910 2238 ;
925 2200 1035 2234 immo
1050 2200 1160 2245 magis

336 2266 441 2300 quam
467 2267 609 2301 serpens
629 2268 729 2290 aures
745 2255 896 2290 obstruit
915 2268 958 2290 ne
983 2257 1087 2303 periti
1105 2258 1161 2290 in-

335 2314 521 2346 cantatoris
547 2325 669 2347 vocem
688 2314 877 2353 auscultet3
899 2314 935 2347 id
960 2321 1011 2348 est
1034 2314 1159 2348 saluta-

336 2382 410 2404 rem
438 2370 678 2409 traditionem,
698 2383 803 2417 quam
822 2373 875 2406 vir
894 2371 1015 2406 beatus
1033 2373 1068 2406 in
1088 2373 1161 2418 pri-

336 2440 392 2463 ma
419 2440 479 2462 sua
498 2429 541 2462 ad
560 2430 760 2464 Nestorium
782 2429 929 2476 epistola
954 2431 1157 2476 scripserat,

993 176 1008 198 S
1015 191 1022 199 .
1048 177 1194 199 GERMANI
1220 177 1375 200 EPISTOLA

1212 254 1277 288 pro
1292 243 1367 276 Iesu
1381 240 1505 275 Christi
1518 240 1698 275 dixinitate
1709 266 1718 279 ‚
1734 240 1911 287 deiparam
1931 244 2032 278 simul

1211 299 1391 346 appellans
1416 305 1570 333 sanctam
1595 299 1768 343 virginem
1790 325 1798 332 .
1824 325 1832 332 .
1857 325 1864 333 .
1888 299 1949 345 (2).

1284 358 1318 390 9.
1349 357 1434 390 ltem
1460 357 1495 390 in
1522 368 1582 390 sua
1609 356 1652 390 ad
1678 356 1864 391 orientales
1886 358 2033 403 epistola

1211 415 1304 449 idem
1329 413 1452 448 beatus
1470 414 1621 459 Cyrillus
1646 415 1694 448 sie
1720 415 1784 448 ait:
1807 414 1901 448 haud
1927 426 2034 460 opor-

1212 473 1276 506 tuit
1301 483 1361 506 eos
1386 473 1548 518 ignorare
1567 472 1767 510 decretum,
1791 471 1887 518 quod
1908 483 2034 519 nempe

1210 531 1307 564 omni
1323 529 1367 564 ad
1383 530 1555 575 synodum
1572 536 1726 564 nostram
1741 536 1908 569 venturo,
1924 530 2035 564 faten-

1211 588 1296 622 dum
1323 587 1414 622 foret
1439 594 1592 622 sanctam
1617 588 1790 633 virginem
1815 599 1889 621 esse
1915 588 2035 633 deipa-

1210 656 1285 678 ram
1306 644 1367 691 (3).
1396 645 1500 685 Quod
1526 646 1553 679 si
1580 645 1731 679 duarum
1750 651 1955 679 naturarum
1980 645 2035 679 lo-

1211 704 1304 737 cutio
1323 703 1488 737 scandalo
1507 703 1626 737 multis
1644 709 1714 741 est,
1733 709 1918 749 propterea
1937 703 2034 749 quod

1211 772 1251 794 ea
1281 761 1462 794 Nestorius
1491 771 1597 805 prave
1627 772 1710 794 usus
1740 760 1830 798 fuit,
1862 759 1896 792 hi
1928 759 2034 793 velim

1211 818 1335 856 sciant,
1352 817 1480 851 dictam
1495 817 1706 851 locutionem
1722 828 1739 850 a
1754 817 1882 850 sanctis
1893 828 2035 862 quoque

1210 873 1369 920 patribus
1395 874 1499 908 fuisse
1524 880 1725 920 usurpatam
1753 873 1818 919 (ηε
1842 885 1955 919 neque
1978 885 2036 908 or-

1210 931 1364 966 thodoxa
1390 931 1562 966 vocabula
1588 932 1643 977 pie
1668 932 1737 964 iam
1764 930 1937 970 adhibita,
1962 942 2036 964 esse

1212 989 1415 1028 reficienda,
1438 995 1624 1035 postquam
1644 988 1712 1021 illis
1738 987 1795 1021 alii
1822 987 1920 1021 abusi
1940 993 2032 1021 sunt.

1211 1048 1368 1093 Namque
1387 1053 1421 1081 et
1433 1047 1551 1080 Ariani
1563 1073 1570 1084 ,
1588 1046 1679 1080 male
1694 1044 1741 1079 ob
1755 1057 1853 1079 suam
1869 1044 2035 1079 credendi

1211 1105 1383 1139 rationem
1396 1131 1404 1144 ,
1420 1105 1611 1139 nonnullas
1629 1115 1745 1138 sacrae
1765 1104 1955 1149 scripturae
1973 1115 2037 1137 vo-

1212 1174 1267 1196 ces
1294 1164 1580 1208 interpretantes,
1603 1163 1650 1196 ita
1677 1162 1791 1195 conati
1811 1166 1892 1194 sunt
1918 1171 2037 1194 sanam

1212 1221 1445 1255 sanctissimae
1462 1221 1636 1255 Trinitatis
1655 1219 1762 1253 fidem
1787 1230 2034 1264 corrumpere:

1214 1289 1327 1323 neque
1346 1279 1478 1312 idcirco
1499 1284 1577 1324 post
1595 1289 1655 1311 eos
1672 1277 1857 1322 quisquam
1876 1276 1916 1310 iis
1934 1287 2034 1310 voea-

1212 1334 1306 1369 bulis
1331 1336 1541 1382 usurpandis
1568 1334 1747 1369 abstinuit.

1290 1394 1345 1427 10.
1375 1391 1603 1427 Admirabilis
1621 1398 1799 1438 praeterea
1818 1390 1968 1436 Cyrillus
1988 1391 2038 1424 ei-

1213 1450 1296 1485 dem
1311 1452 1472 1485 Nestorio
1491 1452 1526 1485 in
1546 1451 1715 1497 ephesino
1734 1449 1883 1484 concilio
1898 1454 2038 1483 contra-

1214 1509 1351 1549 dicens,
1372 1510 1408 1543 in
1426 1521 1497 1555 quo
1517 1509 1679 1543 nonnulli
1705 1508 1919 1542 locutionem
1943 1506 2038 1540 illius

1200 1584 1201 1587 ¹
1214 1573 1391 1613 tamquam
1404 1574 1556 1602 veterem
1571 1566 1766 1601 doctrinam
1781 1562 2034 1601 defendebant,

1213 1625 1410 1659 testimonia
1428 1625 1545 1670 magni
1566 1624 1721 1669 theologi
1739 1623 1896 1668 Gregorii
1916 1623 1951 1655 in
1970 1633 2038 1655 me-

1213 1680 1312 1715 dium
1337 1681 1485 1720 adtulit,
1513 1693 1602 1727 quae
1629 1687 1710 1715 sunt
1735 1679 1935 1714 huiusmodi
1963 1680 2034 1724 (5):

1217 1753 1232 1770 «
1255 1740 1315 1785 qui
1330 1739 1418 1774 duos
1438 1739 1530 1773 filios
1548 1738 1756 1777 introducit,
1774 1750 1884 1772 unum
1904 1737 1948 1771 de
1964 1739 2038 1771 Deo

1216 1810 1232 1827 »
1255 1802 1352 1842 patre
1364 1823 1372 1836 ‚
1393 1797 1542 1830 alterum
1561 1796 1605 1830 de
1623 1797 1747 1834 Maria,
1770 1807 1842 1829 non
1860 1806 1946 1828 vero
1965 1795 2037 1828 uni-

1216 1867 1232 1885 »
1255 1865 1334 1887 cum
1361 1854 1563 1899 solumque,
1587 1854 1616 1887 is
1642 1853 1686 1887 ab
1713 1853 1901 1899 adoptione
1920 1852 2038 1886 exclu—

1217 1925 1232 1942 »
1255 1911 1375 1950 detur,
1394 1922 1502 1956 quam
1524 1912 1614 1944 Deus
1641 1909 1806 1944 fidelibus
1831 1909 2038 1944 orthodoxis

1217 1982 1233 2000 »
1256 1968 1427 2015 promisit.
1449 1969 1600 2002 Naturae
1618 1968 1708 2002 duae
1727 1974 1826 2007 sunt,
1846 1969 1927 2014 quia
1946 1968 2038 2001 Deus

1217 2039 1232 2058 »
1256 2032 1290 2060 et
1308 2026 1435 2065 homo,
1456 2026 1564 2060 x‘eluti
1583 2026 1698 2060 anima
1716 2032 1750 2060 et
1769 2037 1896 2071 corpus
1918 2037 1955 2059 se
1975 2024 2038 2058 ha-

1215 2097 1232 2116 »
1255 2083 1355 2118 bent:
1379 2095 1449 2118 non
1470 2090 1585 2118 autem
1604 2082 1667 2116 filii
1688 2083 1779 2122 duo,
1797 2094 1860 2116 nec
1878 2082 1926 2115 dii
1946 2082 2035 2116 duo:

1217 2156 1232 2173 »
1256 2153 1368 2187 neque
1386 2142 1516 2188 pariter
1534 2141 1606 2175 duo
1625 2141 1804 2180 homines,
1825 2151 2037 2185 quamquam

1217 2214 1232 2232 »
1255 2212 1274 2234 a
1294 2200 1402 2234 Paulo
1427 2201 1572 2234 interior
1595 2199 1815 2244 exteriorque
1841 2198 1949 2232 homo
1975 2209 2038 2244 ap-

1217 2271 1233 2290 »
1256 2257 1444 2304 pellantur.
1467 2272 1482 2289 »
1501 2257 1596 2291 Idem
1617 2257 1734 2291 denuo
1752 2257 1902 2301 Cyrillus
1920 2257 1956 2289 in
1976 2267 2037 2290 sua

1213 2317 1331 2362 priore
1349 2315 1393 2349 ad
1412 2316 1599 2349 Sucensum
1616 2315 1763 2361 epistola
1779 2315 1866 2348 duas
1884 2315 1919 2348 in
1939 2314 2038 2348 Chri-

1213 2380 1268 2408 sto
1288 2374 1363 2407 lesu
1382 2379 1522 2407 naturas
1542 2372 1718 2418 professus
1737 2379 1787 2406 est
1802 2372 1952 2406 dicendo
1967 2372 2035 2417 (6):

1217 2444 1233 2462 «
1255 2437 1425 2476 quantum
1444 2431 1652 2475 cogitatione
1668 2430 1810 2476 adsequi
1829 2441 2035 2476 possumus,

418 2538 451 2566 (13
473 2536 514 2562 lta
535 2535 660 2562 locutum
680 2539 720 2562 est
742 2536 905 2570 ephesinum
929 2536 1093 2563 concilium:
1116 2545 1186 2564 unus
1205 2545 1241 2564 ez
1260 2537 1399 2564 ambabus
1418 2539 1532 2565 natur-Is
1552 2537 1695 2564 Christus.
1717 2538 1773 2564 Leo
1795 2544 1864 2572 papa
1885 2536 1913 2563 in
1934 2535 2036 2563 celebri

337 2579 450 2613 epistola
471 2580 562 2606 adhuc
582 2579 736 2607 evidentius
756 2581 981 2621 unussslzrislzcs
1002 2582 1029 2607 in
1048 2583 1163 2608 naturis
1183 2581 1308 2617 duabus,
1329 2582 1372 2609 eui
1393 2581 1467 2609 dicto
1487 2581 1720 2609 chalcedonenses
1742 2585 1832 2616 patres
1851 2580 2036 2616 adprobantes

336 2623 586 2650 succlamaverunt.

417 2670 452 2699 (2)
473 2669 538 2695 Tres
558 2668 687 2702 deinc-eps
707 2668 834 2695 versirnli
854 2667 908 2703 legi
930 2673 1071 2704 nequeunt
1092 2670 1120 2696 in
1141 2670 1245 2697 codice.

419 2715 453 2743 (ΒΝ
475 2713 534 2739 Hoc
554 2712 623 2738 dicit
641 2713 670 2739 in
691 2713 779 2747 primo
799 2709 975 2739 anathemate
995 2722 1056 2748 opp.
1073 2715 1103 2740 T.
1121 2716 1167 2741 VI.
1186 2723 1212 2749 p.
1231 2718 1290 2742 159.

432 2758 455 2782 4*
478 2756 553 2782 Idem
575 2756 613 2782 ait
633 2757 753 2792 Catillus
773 2757 856 2783 etiam
878 2757 924 2783 lil).
947 2758 968 2783 l.
990 2757 1050 2784 adv,
1072 2759 1228 2785 Nestorium
1250 2768 1275 2795 p.
1298 2763 1324 2787 6.

430 2803 454 2830 Γ»)
475 2801 580 2826 Com-il.
603 2801 695 2835 ephes.
717 2805 769 2827 aet.
793 2802 812 2827 l.
835 2801 887 2827 col.
912 2805 987 2828 1192.
1010 2802 1052 2830 ed.
1074 2804 1169 2832 [attae
1189 2804 1220 2831 T.
1245 2805 1291 2832 lv.

425 2848 455 2875 ti,
476 2844 545 2879 Opp⁴
568 2846 598 2871 T.
621 2846 652 2871 V.
675 2850 744 2880 part.
766 2849 791 2873 2.
814 2854 840 2881 p.
867 2850 923 2873 133.
