<?xml version="1.0" encoding="UTF-8"?>
<!DOCTYPE html PUBLIC "-//W3C//DTD XHTML 1.0 Transitional//EN"
    "http://www.w3.org/TR/xhtml1/DTD/xhtml1-transitional.dtd">
<html xmlns="http://www.w3.org/1999/xhtml" xml:lang="en" lang="en">
 <head>
  <title>
</title>
<meta http-equiv="Content-Type" content="text/html;charset=utf-8" />
  <meta name='ocr-system' content='tesseract 3.04.00' />
  <meta name='ocr-capabilities' content='ocr_page ocr_carea ocr_par ocr_line ocrx_word'/>
</head>
<body>
  <div class='ocr_page' id='page_1' title='image "./novaepatrumbibli02maiauoft/novaepatrumbibli02maiauoft_0014.png"; bbox 0 0 2326 3362; ppageno 0'>
   <div class='ocr_carea' id='block_1_1' title="bbox 320 205 1230 235">
    <p class='ocr_par' dir='ltr' id='par_1_1' title="bbox 320 205 1230 235">
     <span class='ocr_line' id='line_1_1' title="bbox 320 205 1230 235; baseline -0.009 0"><span class='ocrx_word' id='word_1_1' title='bbox 320 213 381 235; x_wconf 64' lang='grc' dir='ltr'>ΥΗΙ</span> <span class='ocrx_word' id='word_1_2' title='bbox 1083 205 1230 228; x_wconf 81' lang='lat' dir='ltr'>EDtTomS</span> 
     </span>
    </p>
   </div>
   <div class='ocr_carea' id='block_1_2' title="bbox 313 267 2002 1633">
    <p class='ocr_par' dir='ltr' id='par_1_2' title="bbox 313 267 2002 1633">
     <span class='ocr_line' id='line_1_2' title="bbox 320 267 1995 316; baseline -0.004 -6"><span class='ocrx_word' id='word_1_3' title='bbox 320 289 408 311; x_wconf 87' lang='lat' dir='ltr'>mus.</span> <span class='ocrx_word' id='word_1_4' title='bbox 437 276 519 309; x_wconf 89' lang='lat' dir='ltr'>Sunt</span> <span class='ocrx_word' id='word_1_5' title='bbox 547 280 660 308; x_wconf 87' lang='lat' dir='ltr'>autem</span> <span class='ocrx_word' id='word_1_6' title='bbox 687 273 821 306; x_wconf 86' lang='lat' dir='ltr'>codices</span> <span class='ocrx_word' id='word_1_7' title='bbox 847 272 899 307; x_wconf 81' lang='lat' dir='ltr'>hi,</span> <span class='ocrx_word' id='word_1_8' title='bbox 919 281 1008 316; x_wconf 84' lang='lat' dir='ltr'>quos</span> <span class='ocrx_word' id='word_1_9' title='bbox 1034 271 1066 303; x_wconf 91' lang='lat' dir='ltr'>in</span> <span class='ocrx_word' id='word_1_10' title='bbox 1094 269 1174 303; x_wconf 80' lang='lat' dir='ltr'><strong>libri</strong></span> <span class='ocrx_word' id='word_1_11' title='bbox 1201 267 1415 314; x_wconf 81' lang='lat' dir='ltr'>marginibus</span> <span class='ocrx_word' id='word_1_12' title='bbox 1440 268 1564 302; x_wconf 89' lang='lat' dir='ltr'>litteris</span> <span class='ocrx_word' id='word_1_13' title='bbox 1590 268 1631 302; x_wconf 89' lang='grc' dir='ltr'>Α.</span> <span class='ocrx_word' id='word_1_14' title='bbox 1654 268 1692 302; x_wconf 90' lang='grc' dir='ltr'>Β.</span> <span class='ocrx_word' id='word_1_15' title='bbox 1714 267 1751 302; x_wconf 91' lang='lat' dir='ltr'>C.</span> <span class='ocrx_word' id='word_1_16' title='bbox 1773 268 1814 301; x_wconf 94' lang='lat' dir='ltr'>D.</span> <span class='ocrx_word' id='word_1_17' title='bbox 1836 269 1875 302; x_wconf 91' lang='lat' dir='ltr'>E.</span> <span class='ocrx_word' id='word_1_18' title='bbox 1896 270 1934 303; x_wconf 88' lang='lat' dir='ltr'>F.</span> <span class='ocrx_word' id='word_1_19' title='bbox 1956 270 1995 303; x_wconf 90' lang='lat' dir='ltr'>G.</span> 
     </span>
     <span class='ocr_line' id='line_1_3' title="bbox 320 325 1996 377; baseline -0.004 -10"><span class='ocrx_word' id='word_1_20' title='bbox 320 335 362 367; x_wconf 81' lang='lat'>11.</span> <span class='ocrx_word' id='word_1_21' title='bbox 385 334 410 366; x_wconf 89' lang='lat'>1.</span> <span class='ocrx_word' id='word_1_22' title='bbox 432 334 473 366; x_wconf 83' lang='lat' dir='ltr'>K.</span> <span class='ocrx_word' id='word_1_23' title='bbox 494 333 530 365; x_wconf 91' lang='lat' dir='ltr'>L.</span> <span class='ocrx_word' id='word_1_24' title='bbox 552 333 596 365; x_wconf 80' lang='lat' dir='ltr'>M.</span> <span class='ocrx_word' id='word_1_25' title='bbox 620 337 790 377; x_wconf 84' lang='lat' dir='ltr'>perpetuo</span> <span class='ocrx_word' id='word_1_26' title='bbox 810 329 1025 363; x_wconf 74' lang='lat' dir='ltr'>denotamus.</span> <span class='ocrx_word' id='word_1_27' title='bbox 1055 328 1081 360; x_wconf 94' lang='lat' dir='ltr'>l.</span> <span class='ocrx_word' id='word_1_28' title='bbox 1103 326 1217 360; x_wconf 84' lang='lat' dir='ltr'>Codex</span> <span class='ocrx_word' id='word_1_29' title='bbox 1238 329 1278 359; x_wconf 85' lang='grc' dir='ltr'>Α.</span> <span class='ocrx_word' id='word_1_30' title='bbox 1300 332 1369 360; x_wconf 68' lang='lat' dir='ltr'>vat.</span> <span class='ocrx_word' id='word_1_31' title='bbox 1391 325 1654 363; x_wconf 84' lang='lat' dir='ltr'>membraneus,</span> <span class='ocrx_word' id='word_1_32' title='bbox 1675 326 1860 364; x_wconf 88' lang='lat' dir='ltr'>maximus,</span> <span class='ocrx_word' id='word_1_33' title='bbox 1880 326 1916 359; x_wconf 89' lang='lat' dir='ltr'>in</span> <span class='ocrx_word' id='word_1_34' title='bbox 1934 326 1996 360; x_wconf 88' lang='lat' dir='ltr'>sol.</span> 
     </span>
     <span class='ocr_line' id='line_1_4' title="bbox 320 382 1997 429; baseline -0.005 -5"><span class='ocrx_word' id='word_1_35' title='bbox 320 390 444 425; x_wconf 89' lang='lat' dir='ltr'>saeculi</span> <span class='ocrx_word' id='word_1_36' title='bbox 465 389 534 423; x_wconf 83' lang='lat' dir='ltr'>fere</span> <span class='ocrx_word' id='word_1_37' title='bbox 550 389 638 422; x_wconf 85' lang='lat' dir='ltr'>tertii</span> <span class='ocrx_word' id='word_1_38' title='bbox 653 388 794 425; x_wconf 79' lang='lat' dir='ltr'>decimi,</span> <span class='ocrx_word' id='word_1_39' title='bbox 811 387 945 421; x_wconf 85' lang='lat' dir='ltr'>Nicetae</span> <span class='ocrx_word' id='word_1_40' title='bbox 965 392 1117 419; x_wconf 86' lang='lat' dir='ltr'>catenam</span> <span class='ocrx_word' id='word_1_41' title='bbox 1137 385 1171 417; x_wconf 94' lang='lat' dir='ltr'>in</span> <span class='ocrx_word' id='word_1_42' title='bbox 1184 385 1311 418; x_wconf 81' lang='lat' dir='ltr'>Lucam</span> <span class='ocrx_word' id='word_1_43' title='bbox 1331 384 1512 417; x_wconf 89' lang='lat' dir='ltr'>continens</span> <span class='ocrx_word' id='word_1_44' title='bbox 1530 395 1610 417; x_wconf 92' lang='lat' dir='ltr'>cum</span> <span class='ocrx_word' id='word_1_45' title='bbox 1621 383 1752 428; x_wconf 87' lang='lat' dir='ltr'>Cyrillo</span> <span class='ocrx_word' id='word_1_46' title='bbox 1767 382 1921 428; x_wconf 90' lang='lat' dir='ltr'>plurimo</span> <span class='ocrx_word' id='word_1_47' title='bbox 1937 384 1997 429; x_wconf 80' lang='lat'>(1).</span> 
     </span>
     <span class='ocr_line' id='line_1_5' title="bbox 320 439 2002 493; baseline -0.005 -11"><span class='ocrx_word' id='word_1_48' title='bbox 320 450 362 482; x_wconf 88' lang='lat' dir='ltr'>ll.</span> <span class='ocrx_word' id='word_1_49' title='bbox 384 448 497 482; x_wconf 81' lang='lat' dir='ltr'>Codex</span> <span class='ocrx_word' id='word_1_50' title='bbox 516 448 554 481; x_wconf 92' lang='lat' dir='ltr'>B.</span> <span class='ocrx_word' id='word_1_51' title='bbox 577 447 681 493; x_wconf 90' lang='lat' dir='ltr'>palat.</span> <span class='ocrx_word' id='word_1_52' title='bbox 704 451 772 478; x_wconf 69' lang='lat' dir='ltr'>vat.</span> <span class='ocrx_word' id='word_1_53' title='bbox 796 443 1024 489; x_wconf 76' lang='lat' dir='ltr'><strong>bombycinus</strong></span> <span class='ocrx_word' id='word_1_54' title='bbox 1049 443 1084 476; x_wconf 92' lang='lat' dir='ltr'>in</span> <span class='ocrx_word' id='word_1_55' title='bbox 1111 441 1173 476; x_wconf 85' lang='lat' dir='ltr'>sol.</span> <span class='ocrx_word' id='word_1_56' title='bbox 1195 441 1351 475; x_wconf 85' lang='lat' dir='ltr'>eiusdem</span> <span class='ocrx_word' id='word_1_57' title='bbox 1377 441 1447 475; x_wconf 87' lang='lat' dir='ltr'>sere</span> <span class='ocrx_word' id='word_1_58' title='bbox 1474 452 1512 474; x_wconf 91' lang='lat' dir='ltr'>ac</span> <span class='ocrx_word' id='word_1_59' title='bbox 1530 441 1568 474; x_wconf 92' lang='lat' dir='ltr'>B.</span> <span class='ocrx_word' id='word_1_60' title='bbox 1592 441 1728 479; x_wconf 88' lang='lat' dir='ltr'>aetatis,</span> <span class='ocrx_word' id='word_1_61' title='bbox 1751 439 1924 474; x_wconf 76' lang='lat' dir='ltr'>diversam</span> <span class='ocrx_word' id='word_1_62' title='bbox 1950 446 2002 474; x_wconf 90' lang='lat' dir='ltr'>ta-</span> 
     </span>
     <span class='ocr_line' id='line_1_6' title="bbox 320 498 2001 544; baseline -0.006 -4"><span class='ocrx_word' id='word_1_63' title='bbox 320 518 398 540; x_wconf 90' lang='lat' dir='ltr'>men</span> <span class='ocrx_word' id='word_1_64' title='bbox 425 511 579 539; x_wconf 89' lang='lat' dir='ltr'>catenam</span> <span class='ocrx_word' id='word_1_65' title='bbox 606 503 795 537; x_wconf 88' lang='lat' dir='ltr'>continens.</span> <span class='ocrx_word' id='word_1_66' title='bbox 825 502 935 534; x_wconf 83' lang='lat' dir='ltr'>Huius</span> <span class='ocrx_word' id='word_1_67' title='bbox 960 500 1088 534; x_wconf 87' lang='lat' dir='ltr'>codicis</span> <span class='ocrx_word' id='word_1_68' title='bbox 1113 498 1178 533; x_wconf 85' lang='lat' dir='ltr'>sub</span> <span class='ocrx_word' id='word_1_69' title='bbox 1204 500 1300 532; x_wconf 91' lang='lat' dir='ltr'>initio</span> <span class='ocrx_word' id='word_1_70' title='bbox 1320 498 1494 544; x_wconf 73' lang='lat' dir='ltr'>corrupti,</span> <span class='ocrx_word' id='word_1_71' title='bbox 1516 498 1756 543; x_wconf 79' lang='lat' dir='ltr'>apographum</span> <span class='ocrx_word' id='word_1_72' title='bbox 1781 498 1924 543; x_wconf 88' lang='lat' dir='ltr'>insuper</span> <span class='ocrx_word' id='word_1_73' title='bbox 1948 508 2001 530; x_wconf 91' lang='lat' dir='ltr'>re-</span> 
     </span>
     <span class='ocr_line' id='line_1_7' title="bbox 320 553 2001 604; baseline -0.005 -8"><span class='ocrx_word' id='word_1_74' title='bbox 320 569 417 596; x_wconf 90' lang='lat' dir='ltr'>cente</span> <span class='ocrx_word' id='word_1_75' title='bbox 442 573 547 595; x_wconf 90' lang='lat' dir='ltr'>manu</span> <span class='ocrx_word' id='word_1_76' title='bbox 573 559 766 593; x_wconf 82' lang='lat' dir='ltr'>confectum</span> <span class='ocrx_word' id='word_1_77' title='bbox 792 558 1012 604; x_wconf 76' lang='lat' dir='ltr'>inspeximus.</span> <span class='ocrx_word' id='word_1_78' title='bbox 1043 557 1100 590; x_wconf 83' lang='grc' dir='ltr'><strong>ΙΙΙ.</strong></span> <span class='ocrx_word' id='word_1_79' title='bbox 1125 555 1239 590; x_wconf 82' lang='lat' dir='ltr'>Codex</span> <span class='ocrx_word' id='word_1_80' title='bbox 1266 555 1302 588; x_wconf 94' lang='lat' dir='ltr'>C.</span> <span class='ocrx_word' id='word_1_81' title='bbox 1331 561 1401 589; x_wconf 77' lang='lat' dir='ltr'>vat.</span> <span class='ocrx_word' id='word_1_82' title='bbox 1431 555 1650 594; x_wconf 78' lang='lat' dir='ltr'>chartaceus,</span> <span class='ocrx_word' id='word_1_83' title='bbox 1679 555 1714 588; x_wconf 89' lang='lat' dir='ltr'>in</span> <span class='ocrx_word' id='word_1_84' title='bbox 1740 554 1802 588; x_wconf 90' lang='lat' dir='ltr'>sol.</span> <span class='ocrx_word' id='word_1_85' title='bbox 1831 553 1892 588; x_wconf 94' lang='lat' dir='ltr'>ubi</span> <span class='ocrx_word' id='word_1_86' title='bbox 1918 555 2001 587; x_wconf 90' lang='lat' dir='ltr'>item</span> 
     </span>
     <span class='ocr_line' id='line_1_8' title="bbox 319 611 2000 665; baseline -0.005 -13"><span class='ocrx_word' id='word_1_87' title='bbox 319 620 424 665; x_wconf 78' lang='lat' dir='ltr'>spissa</span> <span class='ocrx_word' id='word_1_88' title='bbox 444 620 478 652; x_wconf 90' lang='lat' dir='ltr'>in</span> <span class='ocrx_word' id='word_1_89' title='bbox 498 619 621 651; x_wconf 84' lang='lat' dir='ltr'>Lucam</span> <span class='ocrx_word' id='word_1_90' title='bbox 642 617 778 649; x_wconf 85' lang='lat' dir='ltr'>l’atrum</span> <span class='ocrx_word' id='word_1_91' title='bbox 800 622 930 649; x_wconf 89' lang='lat' dir='ltr'>catena.</span> <span class='ocrx_word' id='word_1_92' title='bbox 960 615 1016 648; x_wconf 89' lang='lat' dir='ltr'>lv.</span> <span class='ocrx_word' id='word_1_93' title='bbox 1039 613 1152 648; x_wconf 90' lang='lat' dir='ltr'>Codex</span> <span class='ocrx_word' id='word_1_94' title='bbox 1172 614 1212 646; x_wconf 89' lang='lat' dir='ltr'>D.</span> <span class='ocrx_word' id='word_1_95' title='bbox 1235 619 1304 646; x_wconf 79' lang='lat' dir='ltr'>vat.</span> <span class='ocrx_word' id='word_1_96' title='bbox 1327 611 1572 646; x_wconf 75' lang='lat' dir='ltr'>membraneus</span> <span class='ocrx_word' id='word_1_97' title='bbox 1597 613 1632 645; x_wconf 92' lang='lat' dir='ltr'>in</span> <span class='ocrx_word' id='word_1_98' title='bbox 1659 611 1721 646; x_wconf 87' lang='lat' dir='ltr'>fol.</span> <span class='ocrx_word' id='word_1_99' title='bbox 1744 612 1870 646; x_wconf 89' lang='lat' dir='ltr'>saeculi</span> <span class='ocrx_word' id='word_1_100' title='bbox 1890 611 2000 645; x_wconf 86' lang='lat' dir='ltr'>ferme</span> 
     </span>
     <span class='ocr_line' id='line_1_9' title="bbox 319 669 2002 715; baseline -0.004 -6"><span class='ocrx_word' id='word_1_101' title='bbox 319 676 536 715; x_wconf 86' lang='lat' dir='ltr'>duodecimi,</span> <span class='ocrx_word' id='word_1_102' title='bbox 556 675 637 708; x_wconf 88' lang='lat' dir='ltr'>item</span> <span class='ocrx_word' id='word_1_103' title='bbox 658 680 788 707; x_wconf 86' lang='lat' dir='ltr'>catena.</span> <span class='ocrx_word' id='word_1_104' title='bbox 817 673 857 706; x_wconf 93' lang='lat' dir='ltr'>V.</span> <span class='ocrx_word' id='word_1_105' title='bbox 879 672 994 706; x_wconf 90' lang='lat' dir='ltr'>Codex</span> <span class='ocrx_word' id='word_1_106' title='bbox 1013 673 1051 705; x_wconf 89' lang='lat' dir='ltr'>E.</span> <span class='ocrx_word' id='word_1_107' title='bbox 1072 678 1142 705; x_wconf 65' lang='lat' dir='ltr'>vat.</span> <span class='ocrx_word' id='word_1_108' title='bbox 1165 671 1363 705; x_wconf 80' lang='lat' dir='ltr'>chartaceus</span> <span class='ocrx_word' id='word_1_109' title='bbox 1388 671 1423 703; x_wconf 88' lang='lat' dir='ltr'>in</span> <span class='ocrx_word' id='word_1_110' title='bbox 1451 669 1513 704; x_wconf 84' lang='lat' dir='ltr'>sot.</span> <span class='ocrx_word' id='word_1_111' title='bbox 1536 671 1717 704; x_wconf 86' lang='lat' dir='ltr'>continens</span> <span class='ocrx_word' id='word_1_112' title='bbox 1735 670 1873 703; x_wconf 88' lang='lat' dir='ltr'>Macarii</span> <span class='ocrx_word' id='word_1_113' title='bbox 1892 669 2002 714; x_wconf 75' lang='lat' dir='ltr'>Chry—</span> 
     </span>
     <span class='ocr_line' id='line_1_10' title="bbox 317 727 1999 779; baseline -0.004 -12"><span class='ocrx_word' id='word_1_114' title='bbox 317 733 490 779; x_wconf 78' lang='lat' dir='ltr'>socepliali</span> <span class='ocrx_word' id='word_1_115' title='bbox 517 743 587 765; x_wconf 89' lang='lat' dir='ltr'>non</span> <span class='ocrx_word' id='word_1_116' title='bbox 615 737 684 764; x_wconf 89' lang='lat' dir='ltr'>tam</span> <span class='ocrx_word' id='word_1_117' title='bbox 710 741 886 764; x_wconf 83' lang='lat' dir='ltr'>sermones</span> <span class='ocrx_word' id='word_1_118' title='bbox 909 741 1014 775; x_wconf 89' lang='lat' dir='ltr'>quam</span> <span class='ocrx_word' id='word_1_119' title='bbox 1039 735 1196 775; x_wconf 89' lang='lat' dir='ltr'>patrum,</span> <span class='ocrx_word' id='word_1_120' title='bbox 1217 729 1328 762; x_wconf 88' lang='lat' dir='ltr'>citatis</span> <span class='ocrx_word' id='word_1_121' title='bbox 1354 734 1512 761; x_wconf 84' lang='lat' dir='ltr'>accurate</span> <span class='ocrx_word' id='word_1_122' title='bbox 1537 727 1754 765; x_wconf 90' lang='lat' dir='ltr'>nominibus,</span> <span class='ocrx_word' id='word_1_123' title='bbox 1783 733 1939 761; x_wconf 86' lang='lat' dir='ltr'>catenam</span> <span class='ocrx_word' id='word_1_124' title='bbox 1965 728 1999 761; x_wconf 93' lang='lat' dir='ltr'>in</span> 
     </span>
     <span class='ocr_line' id='line_1_11' title="bbox 318 785 2000 833; baseline -0.004 -9"><span class='ocrx_word' id='word_1_125' title='bbox 318 792 453 825; x_wconf 81' lang='lat' dir='ltr'>Lucam.</span> <span class='ocrx_word' id='word_1_126' title='bbox 484 788 522 822; x_wconf 85' lang='lat' dir='ltr'>ld</span> <span class='ocrx_word' id='word_1_127' title='bbox 541 789 675 822; x_wconf 87' lang='lat' dir='ltr'>Macarii</span> <span class='ocrx_word' id='word_1_128' title='bbox 701 799 789 833; x_wconf 88' lang='lat' dir='ltr'>opus</span> <span class='ocrx_word' id='word_1_129' title='bbox 815 787 942 821; x_wconf 91' lang='lat' dir='ltr'>dicitur</span> <span class='ocrx_word' id='word_1_130' title='bbox 967 787 1069 821; x_wconf 90' lang='lat' dir='ltr'>etiam</span> <span class='ocrx_word' id='word_1_131' title='bbox 1089 785 1329 832; x_wconf 77' lang='lat' dir='ltr'>alphabetum,</span> <span class='ocrx_word' id='word_1_132' title='bbox 1349 786 1429 830; x_wconf 91' lang='lat' dir='ltr'>quia</span> <span class='ocrx_word' id='word_1_133' title='bbox 1449 785 1595 819; x_wconf 88' lang='lat' dir='ltr'>totidem</span> <span class='ocrx_word' id='word_1_134' title='bbox 1615 792 1694 819; x_wconf 90' lang='lat' dir='ltr'>sunt</span> <span class='ocrx_word' id='word_1_135' title='bbox 1717 796 1895 819; x_wconf 85' lang='lat' dir='ltr'>sermones</span> <span class='ocrx_word' id='word_1_136' title='bbox 1913 791 2000 830; x_wconf 87' lang='lat' dir='ltr'>quot</span> 
     </span>
     <span class='ocr_line' id='line_1_12' title="bbox 317 841 1999 893; baseline -0.004 -12"><span class='ocrx_word' id='word_1_137' title='bbox 317 846 490 893; x_wconf 82' lang='lat' dir='ltr'>alphabeti</span> <span class='ocrx_word' id='word_1_138' title='bbox 517 846 667 879; x_wconf 86' lang='lat' dir='ltr'>litterae:</span> <span class='ocrx_word' id='word_1_139' title='bbox 689 845 866 890; x_wconf 85' lang='lat' dir='ltr'>ceteroqui</span> <span class='ocrx_word' id='word_1_140' title='bbox 885 845 919 878; x_wconf 89' lang='lat' dir='ltr'>in</span> <span class='ocrx_word' id='word_1_141' title='bbox 939 851 1008 878; x_wconf 71' lang='lat' dir='ltr'>vat.</span> <span class='ocrx_word' id='word_1_142' title='bbox 1031 843 1149 878; x_wconf 87' lang='lat' dir='ltr'>codice</span> <span class='ocrx_word' id='word_1_143' title='bbox 1175 855 1245 877; x_wconf 91' lang='lat' dir='ltr'>non</span> <span class='ocrx_word' id='word_1_144' title='bbox 1265 843 1328 877; x_wconf 89' lang='lat' dir='ltr'>nisi</span> <span class='ocrx_word' id='word_1_145' title='bbox 1349 842 1521 877; x_wconf 78' lang='lat' dir='ltr'>sexdecim</span> <span class='ocrx_word' id='word_1_146' title='bbox 1547 849 1681 882; x_wconf 80' lang='lat' dir='ltr'>extant,</span> <span class='ocrx_word' id='word_1_147' title='bbox 1705 842 1740 876; x_wconf 88' lang='lat' dir='ltr'>id</span> <span class='ocrx_word' id='word_1_148' title='bbox 1759 848 1809 877; x_wconf 83' lang='lat' dir='ltr'>est</span> <span class='ocrx_word' id='word_1_149' title='bbox 1828 853 1937 887; x_wconf 89' lang='lat' dir='ltr'>usque</span> <span class='ocrx_word' id='word_1_150' title='bbox 1955 841 1999 875; x_wconf 90' lang='lat' dir='ltr'>ad</span> 
     </span>
     <span class='ocr_line' id='line_1_13' title="bbox 316 899 1999 945; baseline -0.003 -7"><span class='ocrx_word' id='word_1_151' title='bbox 316 905 463 938; x_wconf 84' lang='lat' dir='ltr'>litteram</span> <span class='ocrx_word' id='word_1_152' title='bbox 482 913 516 934; x_wconf 85' lang='grc' dir='ltr'>π.</span> <span class='ocrx_word' id='word_1_153' title='bbox 544 903 598 936; x_wconf 87' lang='lat' dir='ltr'>Vl.</span> <span class='ocrx_word' id='word_1_154' title='bbox 620 902 735 935; x_wconf 84' lang='lat' dir='ltr'>Codex</span> <span class='ocrx_word' id='word_1_155' title='bbox 754 903 792 935; x_wconf 88' lang='lat' dir='ltr'>F.</span> <span class='ocrx_word' id='word_1_156' title='bbox 814 908 884 936; x_wconf 82' lang='lat' dir='ltr'>vat.</span> <span class='ocrx_word' id='word_1_157' title='bbox 907 901 994 935; x_wconf 88' lang='lat' dir='ltr'>alius</span> <span class='ocrx_word' id='word_1_158' title='bbox 1023 901 1241 939; x_wconf 77' lang='lat' dir='ltr'>chartaceus,</span> <span class='ocrx_word' id='word_1_159' title='bbox 1263 901 1297 933; x_wconf 92' lang='lat' dir='ltr'>in</span> <span class='ocrx_word' id='word_1_160' title='bbox 1325 901 1360 934; x_wconf 65' lang='grc' dir='ltr'>[ι.</span> <span class='ocrx_word' id='word_1_161' title='bbox 1395 901 1455 945; x_wconf 92' lang='lat' dir='ltr'>qui</span> <span class='ocrx_word' id='word_1_162' title='bbox 1485 912 1556 934; x_wconf 90' lang='lat' dir='ltr'>non</span> <span class='ocrx_word' id='word_1_163' title='bbox 1587 901 1652 934; x_wconf 89' lang='lat' dir='ltr'>nisi</span> <span class='ocrx_word' id='word_1_164' title='bbox 1678 899 1891 934; x_wconf 84' lang='lat' dir='ltr'>mediocrem</span> <span class='ocrx_word' id='word_1_165' title='bbox 1918 911 1999 945; x_wconf 91' lang='lat' dir='ltr'>par-</span> 
     </span>
     <span class='ocr_line' id='line_1_14' title="bbox 315 958 1998 1006; baseline -0.003 -11"><span class='ocrx_word' id='word_1_166' title='bbox 315 968 384 995; x_wconf 86' lang='lat' dir='ltr'>tem</span> <span class='ocrx_word' id='word_1_167' title='bbox 411 960 573 1006; x_wconf 86' lang='lat' dir='ltr'>praedicti</span> <span class='ocrx_word' id='word_1_168' title='bbox 599 958 868 1004; x_wconf 77' lang='lat' dir='ltr'>Chrysocephali</span> <span class='ocrx_word' id='word_1_169' title='bbox 895 959 1060 992; x_wconf 87' lang='lat' dir='ltr'>continet.</span> <span class='ocrx_word' id='word_1_170' title='bbox 1088 958 1161 992; x_wconf 87' lang='lat' dir='ltr'>Vll.</span> <span class='ocrx_word' id='word_1_171' title='bbox 1188 958 1302 992; x_wconf 84' lang='lat' dir='ltr'>Codex</span> <span class='ocrx_word' id='word_1_172' title='bbox 1323 958 1362 992; x_wconf 91' lang='lat' dir='ltr'>G.</span> <span class='ocrx_word' id='word_1_173' title='bbox 1388 959 1527 1003; x_wconf 86' lang='lat' dir='ltr'>reginae</span> <span class='ocrx_word' id='word_1_174' title='bbox 1557 969 1677 992; x_wconf 87' lang='lat' dir='ltr'>svecae</span> <span class='ocrx_word' id='word_1_175' title='bbox 1706 958 1900 995; x_wconf 87' lang='lat' dir='ltr'>vaticanus,</span> <span class='ocrx_word' id='word_1_176' title='bbox 1925 968 1998 991; x_wconf 85' lang='lat' dir='ltr'>sae-</span> 
     </span>
     <span class='ocr_line' id='line_1_15' title="bbox 315 1014 1998 1061; baseline -0.002 -9"><span class='ocrx_word' id='word_1_177' title='bbox 315 1018 382 1052; x_wconf 92' lang='lat' dir='ltr'>culi</span> <span class='ocrx_word' id='word_1_178' title='bbox 408 1018 542 1051; x_wconf 89' lang='lat' dir='ltr'>circiter</span> <span class='ocrx_word' id='word_1_179' title='bbox 567 1016 766 1050; x_wconf 87' lang='lat' dir='ltr'>duodecimi</span> <span class='ocrx_word' id='word_1_180' title='bbox 792 1027 870 1049; x_wconf 86' lang='lat' dir='ltr'>cum</span> <span class='ocrx_word' id='word_1_181' title='bbox 898 1022 1028 1049; x_wconf 87' lang='lat' dir='ltr'>catena.</span> <span class='ocrx_word' id='word_1_182' title='bbox 1057 1016 1146 1049; x_wconf 92' lang='lat' dir='ltr'>Vlll.</span> <span class='ocrx_word' id='word_1_183' title='bbox 1175 1015 1289 1048; x_wconf 89' lang='lat' dir='ltr'>Codex</span> <span class='ocrx_word' id='word_1_184' title='bbox 1320 1016 1365 1048; x_wconf 93' lang='lat' dir='ltr'>H.</span> <span class='ocrx_word' id='word_1_185' title='bbox 1391 1021 1461 1049; x_wconf 76' lang='lat' dir='ltr'>vat.</span> <span class='ocrx_word' id='word_1_186' title='bbox 1484 1014 1715 1061; x_wconf 86' lang='lat' dir='ltr'>praenobilis,</span> <span class='ocrx_word' id='word_1_187' title='bbox 1735 1014 1862 1048; x_wconf 89' lang='lat' dir='ltr'>saeculi</span> <span class='ocrx_word' id='word_1_188' title='bbox 1890 1014 1998 1048; x_wconf 85' lang='lat' dir='ltr'>ferme</span> 
     </span>
     <span class='ocr_line' id='line_1_16' title="bbox 316 1072 1993 1119; baseline -0.002 -11"><span class='ocrx_word' id='word_1_189' title='bbox 316 1075 505 1112; x_wconf 79' lang='lat' dir='ltr'>undecimi,</span> <span class='ocrx_word' id='word_1_190' title='bbox 521 1075 580 1119; x_wconf 91' lang='lat' dir='ltr'>qui</span> <span class='ocrx_word' id='word_1_191' title='bbox 600 1080 714 1107; x_wconf 92' lang='lat' dir='ltr'>tamen</span> <span class='ocrx_word' id='word_1_192' title='bbox 733 1074 769 1106; x_wconf 92' lang='lat' dir='ltr'>in</span> <span class='ocrx_word' id='word_1_193' title='bbox 787 1072 910 1118; x_wconf 83' lang='lat' dir='ltr'>grandi</span> <span class='ocrx_word' id='word_1_194' title='bbox 930 1073 1022 1107; x_wconf 88' lang='lat' dir='ltr'>mole</span> <span class='ocrx_word' id='word_1_195' title='bbox 1035 1099 1042 1111; x_wconf 87' lang='lat'>,</span> <span class='ocrx_word' id='word_1_196' title='bbox 1060 1073 1197 1106; x_wconf 88' lang='lat' dir='ltr'>nonnisi</span> <span class='ocrx_word' id='word_1_197' title='bbox 1218 1079 1351 1118; x_wconf 89' lang='lat' dir='ltr'>partem</span> <span class='ocrx_word' id='word_1_198' title='bbox 1371 1073 1559 1106; x_wconf 86' lang='lat' dir='ltr'>nicetianae</span> <span class='ocrx_word' id='word_1_199' title='bbox 1579 1079 1718 1107; x_wconf 85' lang='lat' dir='ltr'>catenae</span> <span class='ocrx_word' id='word_1_200' title='bbox 1737 1072 1993 1118; x_wconf 87' lang='lat' dir='ltr'>complectitur.</span> 
     </span>
     <span class='ocr_line' id='line_1_17' title="bbox 315 1129 1998 1175; baseline -0.002 -10"><span class='ocrx_word' id='word_1_201' title='bbox 315 1134 371 1166; x_wconf 80' lang='lat' dir='ltr'>lx.</span> <span class='ocrx_word' id='word_1_202' title='bbox 394 1131 508 1166; x_wconf 86' lang='lat' dir='ltr'>Codex</span> <span class='ocrx_word' id='word_1_203' title='bbox 528 1132 552 1164; x_wconf 91' lang='lat' dir='ltr'>l.</span> <span class='ocrx_word' id='word_1_204' title='bbox 573 1130 821 1165; x_wconf 86' lang='lat' dir='ltr'>ottobonianus</span> <span class='ocrx_word' id='word_1_205' title='bbox 839 1136 908 1164; x_wconf 76' lang='lat' dir='ltr'>vat.</span> <span class='ocrx_word' id='word_1_206' title='bbox 930 1129 1173 1164; x_wconf 84' lang='lat' dir='ltr'>membraneus</span> <span class='ocrx_word' id='word_1_207' title='bbox 1193 1130 1341 1175; x_wconf 81' lang='lat' dir='ltr'>priscus,</span> <span class='ocrx_word' id='word_1_208' title='bbox 1363 1141 1441 1163; x_wconf 91' lang='lat' dir='ltr'>cum</span> <span class='ocrx_word' id='word_1_209' title='bbox 1460 1130 1585 1175; x_wconf 84' lang='lat' dir='ltr'>insigni</span> <span class='ocrx_word' id='word_1_210' title='bbox 1605 1129 1648 1163; x_wconf 89' lang='lat' dir='ltr'>ad</span> <span class='ocrx_word' id='word_1_211' title='bbox 1668 1129 1857 1175; x_wconf 85' lang='lat' dir='ltr'>prophetas</span> <span class='ocrx_word' id='word_1_212' title='bbox 1876 1141 1998 1163; x_wconf 87' lang='lat' dir='ltr'>omnes</span> 
     </span>
     <span class='ocr_line' id='line_1_18' title="bbox 314 1187 1997 1233; baseline -0.001 -11"><span class='ocrx_word' id='word_1_213' title='bbox 314 1196 451 1228; x_wconf 88' lang='lat' dir='ltr'>eatena,</span> <span class='ocrx_word' id='word_1_214' title='bbox 480 1187 610 1222; x_wconf 86' lang='lat' dir='ltr'>habens</span> <span class='ocrx_word' id='word_1_215' title='bbox 637 1188 739 1221; x_wconf 87' lang='lat' dir='ltr'>etiam</span> <span class='ocrx_word' id='word_1_216' title='bbox 769 1199 897 1233; x_wconf 86' lang='lat' dir='ltr'>paucos</span> <span class='ocrx_word' id='word_1_217' title='bbox 922 1187 1040 1232; x_wconf 70' lang='lat' dir='ltr'>Cyrilli</span> <span class='ocrx_word' id='word_1_218' title='bbox 1067 1187 1163 1221; x_wconf 90' lang='lat' dir='ltr'>locos</span> <span class='ocrx_word' id='word_1_219' title='bbox 1180 1214 1188 1226; x_wconf 93' lang='lat'>,</span> <span class='ocrx_word' id='word_1_220' title='bbox 1215 1188 1275 1233; x_wconf 88' lang='lat' dir='ltr'>qui</span> <span class='ocrx_word' id='word_1_221' title='bbox 1301 1187 1429 1221; x_wconf 86' lang='lat' dir='ltr'>diserte</span> <span class='ocrx_word' id='word_1_222' title='bbox 1455 1187 1619 1221; x_wconf 87' lang='lat' dir='ltr'>dicuntur</span> <span class='ocrx_word' id='word_1_223' title='bbox 1644 1198 1686 1221; x_wconf 81' lang='lat' dir='ltr'>ex</span> <span class='ocrx_word' id='word_1_224' title='bbox 1711 1187 1783 1220; x_wconf 91' lang='lat' dir='ltr'>eius</span> <span class='ocrx_word' id='word_1_225' title='bbox 1808 1187 1843 1220; x_wconf 92' lang='lat' dir='ltr'>in</span> <span class='ocrx_word' id='word_1_226' title='bbox 1869 1187 1997 1221; x_wconf 89' lang='lat' dir='ltr'>Lucam</span> 
     </span>
     <span class='ocr_line' id='line_1_19' title="bbox 313 1243 1998 1289; baseline -0.002 -9"><span class='ocrx_word' id='word_1_227' title='bbox 313 1247 562 1280; x_wconf 83' lang='lat' dir='ltr'>commentario</span> <span class='ocrx_word' id='word_1_228' title='bbox 589 1245 747 1279; x_wconf 87' lang='lat' dir='ltr'>detracti.</span> <span class='ocrx_word' id='word_1_229' title='bbox 775 1246 817 1278; x_wconf 84' lang='lat' dir='ltr'>X.</span> <span class='ocrx_word' id='word_1_230' title='bbox 839 1246 897 1278; x_wconf 83' lang='lat' dir='ltr'>xl.</span> <span class='ocrx_word' id='word_1_231' title='bbox 918 1246 999 1283; x_wconf 79' lang='lat' dir='ltr'>xli,</span> <span class='ocrx_word' id='word_1_232' title='bbox 1021 1243 1122 1278; x_wconf 89' lang='lat' dir='ltr'>nobis</span> <span class='ocrx_word' id='word_1_233' title='bbox 1140 1245 1182 1278; x_wconf 87' lang='lat' dir='ltr'>K.</span> <span class='ocrx_word' id='word_1_234' title='bbox 1204 1246 1241 1278; x_wconf 91' lang='lat' dir='ltr'>L.</span> <span class='ocrx_word' id='word_1_235' title='bbox 1264 1246 1310 1278; x_wconf 83' lang='lat' dir='ltr'>M.</span> <span class='ocrx_word' id='word_1_236' title='bbox 1324 1271 1332 1283; x_wconf 92' lang='lat'>,</span> <span class='ocrx_word' id='word_1_237' title='bbox 1354 1245 1494 1289; x_wconf 80' lang='lat' dir='ltr'>exiguas</span> <span class='ocrx_word' id='word_1_238' title='bbox 1519 1244 1709 1278; x_wconf 88' lang='lat' dir='ltr'>admodum</span> <span class='ocrx_word' id='word_1_239' title='bbox 1729 1243 1849 1288; x_wconf 85' lang='lat' dir='ltr'>Cyrilli</span> <span class='ocrx_word' id='word_1_240' title='bbox 1874 1244 1910 1276; x_wconf 90' lang='lat' dir='ltr'>in</span> <span class='ocrx_word' id='word_1_241' title='bbox 1929 1244 1998 1277; x_wconf 94' lang='lat' dir='ltr'>Lu-</span> 
     </span>
     <span class='ocr_line' id='line_1_20' title="bbox 313 1300 1998 1347; baseline -0.001 -11"><span class='ocrx_word' id='word_1_242' title='bbox 313 1315 389 1336; x_wconf 88' lang='lat' dir='ltr'>cam</span> <span class='ocrx_word' id='word_1_243' title='bbox 415 1302 575 1347; x_wconf 85' lang='lat' dir='ltr'>reliquias</span> <span class='ocrx_word' id='word_1_244' title='bbox 595 1301 695 1336; x_wconf 88' lang='lat' dir='ltr'>nobis</span> <span class='ocrx_word' id='word_1_245' title='bbox 715 1302 992 1347; x_wconf 85' lang='lat' dir='ltr'>suppeditarunt.</span> <span class='ocrx_word' id='word_1_246' title='bbox 1021 1303 1112 1335; x_wconf 88' lang='lat' dir='ltr'>Duas</span> <span class='ocrx_word' id='word_1_247' title='bbox 1131 1313 1271 1347; x_wconf 86' lang='lat' dir='ltr'>quoque</span> <span class='ocrx_word' id='word_1_248' title='bbox 1290 1301 1412 1335; x_wconf 92' lang='lat' dir='ltr'>latinas</span> <span class='ocrx_word' id='word_1_249' title='bbox 1432 1301 1474 1335; x_wconf 87' lang='lat' dir='ltr'>ad</span> <span class='ocrx_word' id='word_1_250' title='bbox 1493 1303 1604 1336; x_wconf 90' lang='lat' dir='ltr'>Lucae</span> <span class='ocrx_word' id='word_1_251' title='bbox 1623 1300 1841 1346; x_wconf 81' lang='lat' dir='ltr'>evangelium</span> <span class='ocrx_word' id='word_1_252' title='bbox 1861 1306 1998 1335; x_wconf 88' lang='lat' dir='ltr'>catenas</span> 
     </span>
     <span class='ocr_line' id='line_1_21' title="bbox 313 1357 1997 1405; baseline -0.001 -12"><span class='ocrx_word' id='word_1_253' title='bbox 313 1361 540 1405; x_wconf 90' lang='lat' dir='ltr'>inspeximus,</span> <span class='ocrx_word' id='word_1_254' title='bbox 563 1371 666 1393; x_wconf 91' lang='lat' dir='ltr'>unam</span> <span class='ocrx_word' id='word_1_255' title='bbox 689 1359 759 1392; x_wconf 85' lang='lat' dir='ltr'>divi</span> <span class='ocrx_word' id='word_1_256' title='bbox 778 1359 928 1393; x_wconf 85' lang='lat' dir='ltr'>Thomae</span> <span class='ocrx_word' id='word_1_257' title='bbox 954 1359 1141 1404; x_wconf 85' lang='lat' dir='ltr'>aquinatis,</span> <span class='ocrx_word' id='word_1_258' title='bbox 1163 1359 1386 1393; x_wconf 85' lang='lat' dir='ltr'>Balthassaris</span> <span class='ocrx_word' id='word_1_259' title='bbox 1405 1359 1560 1393; x_wconf 89' lang='lat' dir='ltr'>Corderii</span> <span class='ocrx_word' id='word_1_260' title='bbox 1587 1359 1749 1393; x_wconf 85' lang='lat' dir='ltr'>alteram:</span> <span class='ocrx_word' id='word_1_261' title='bbox 1773 1369 1862 1403; x_wconf 88' lang='lat' dir='ltr'>quae</span> <span class='ocrx_word' id='word_1_262' title='bbox 1887 1357 1997 1392; x_wconf 91' lang='lat' dir='ltr'>sicubi</span> 
     </span>
     <span class='ocr_line' id='line_1_22' title="bbox 316 1414 1998 1461; baseline -0.001 -12"><span class='ocrx_word' id='word_1_263' title='bbox 316 1416 393 1461; x_wconf 87' lang='lat' dir='ltr'>plus</span> <span class='ocrx_word' id='word_1_264' title='bbox 419 1417 548 1461; x_wconf 91' lang='lat' dir='ltr'>aliquid</span> <span class='ocrx_word' id='word_1_265' title='bbox 574 1416 793 1461; x_wconf 67' lang='lat' dir='ltr'>cyrillianum</span> <span class='ocrx_word' id='word_1_266' title='bbox 819 1415 1037 1455; x_wconf 90' lang='lat' dir='ltr'>habuerunt,</span> <span class='ocrx_word' id='word_1_267' title='bbox 1066 1417 1131 1450; x_wconf 91' lang='lat' dir='ltr'>hoc</span> <span class='ocrx_word' id='word_1_268' title='bbox 1158 1416 1262 1450; x_wconf 87' lang='lat' dir='ltr'>latine</span> <span class='ocrx_word' id='word_1_269' title='bbox 1289 1428 1352 1450; x_wconf 89' lang='lat' dir='ltr'>nos</span> <span class='ocrx_word' id='word_1_270' title='bbox 1378 1417 1539 1450; x_wconf 89' lang='lat' dir='ltr'>dedimus</span> <span class='ocrx_word' id='word_1_271' title='bbox 1564 1417 1600 1449; x_wconf 93' lang='lat' dir='ltr'>in</span> <span class='ocrx_word' id='word_1_272' title='bbox 1626 1414 1930 1453; x_wconf 84' lang='lat' dir='ltr'>adnotationibus,</span> <span class='ocrx_word' id='word_1_273' title='bbox 1959 1421 1998 1448; x_wconf 88' lang='lat' dir='ltr'>ut</span> 
     </span>
     <span class='ocr_line' id='line_1_23' title="bbox 315 1471 1998 1519; baseline -0.001 -13"><span class='ocrx_word' id='word_1_274' title='bbox 315 1473 430 1517; x_wconf 65' lang='lat' dir='ltr'>Cyritli</span> <span class='ocrx_word' id='word_1_275' title='bbox 451 1479 580 1511; x_wconf 87' lang='lat' dir='ltr'>textus,</span> <span class='ocrx_word' id='word_1_276' title='bbox 605 1473 666 1507; x_wconf 85' lang='lat' dir='ltr'>hae</span> <span class='ocrx_word' id='word_1_277' title='bbox 686 1474 806 1507; x_wconf 87' lang='lat' dir='ltr'>saltem</span> <span class='ocrx_word' id='word_1_278' title='bbox 826 1473 941 1518; x_wconf 80' lang='lat' dir='ltr'>lingua</span> <span class='ocrx_word' id='word_1_279' title='bbox 954 1500 961 1512; x_wconf 95' lang='lat'>,</span> <span class='ocrx_word' id='word_1_280' title='bbox 984 1480 1171 1518; x_wconf 88' lang='lat' dir='ltr'>utcumque</span> <span class='ocrx_word' id='word_1_281' title='bbox 1190 1473 1398 1519; x_wconf 82' lang='lat' dir='ltr'>expleretur.</span> <span class='ocrx_word' id='word_1_282' title='bbox 1428 1473 1493 1507; x_wconf 89' lang='lat' dir='ltr'>Sed</span> <span class='ocrx_word' id='word_1_283' title='bbox 1513 1474 1614 1511; x_wconf 91' lang='lat' dir='ltr'>haec,</span> <span class='ocrx_word' id='word_1_284' title='bbox 1638 1474 1796 1517; x_wconf 89' lang='lat' dir='ltr'>inquam,</span> <span class='ocrx_word' id='word_1_285' title='bbox 1817 1471 1906 1505; x_wconf 66' lang='lat' dir='ltr'>lex-ia</span> <span class='ocrx_word' id='word_1_286' title='bbox 1933 1482 1998 1517; x_wconf 89' lang='lat' dir='ltr'>op-</span> 
     </span>
     <span class='ocr_line' id='line_1_24' title="bbox 315 1527 1997 1576; baseline -0.001 -13"><span class='ocrx_word' id='word_1_287' title='bbox 315 1530 397 1576; x_wconf 89' lang='lat' dir='ltr'>pido</span> <span class='ocrx_word' id='word_1_288' title='bbox 422 1531 630 1564; x_wconf 83' lang='lat' dir='ltr'>incrementa</span> <span class='ocrx_word' id='word_1_289' title='bbox 649 1536 740 1564; x_wconf 87' lang='lat' dir='ltr'>sunt.</span> <span class='ocrx_word' id='word_1_290' title='bbox 769 1530 973 1564; x_wconf 91' lang='lat' dir='ltr'>Corderium</span> <span class='ocrx_word' id='word_1_291' title='bbox 993 1537 1106 1564; x_wconf 88' lang='lat' dir='ltr'>autem</span> <span class='ocrx_word' id='word_1_292' title='bbox 1126 1529 1401 1574; x_wconf 79' lang='lat' dir='ltr'>fragmentorum</span> <span class='ocrx_word' id='word_1_293' title='bbox 1421 1541 1563 1563; x_wconf 90' lang='lat' dir='ltr'>suorum</span> <span class='ocrx_word' id='word_1_294' title='bbox 1584 1529 1784 1575; x_wconf 89' lang='lat' dir='ltr'>imperitum</span> <span class='ocrx_word' id='word_1_295' title='bbox 1803 1527 1896 1561; x_wconf 90' lang='lat' dir='ltr'>haud</span> <span class='ocrx_word' id='word_1_296' title='bbox 1916 1539 1997 1561; x_wconf 89' lang='lat' dir='ltr'>raro</span> 
     </span>
     <span class='ocr_line' id='line_1_25' title="bbox 314 1586 1326 1633; baseline -0.001 -12"><span class='ocrx_word' id='word_1_297' title='bbox 314 1589 538 1633; x_wconf 86' lang='lat' dir='ltr'>interpretem</span> <span class='ocrx_word' id='word_1_298' title='bbox 564 1587 680 1620; x_wconf 88' lang='lat' dir='ltr'>multis</span> <span class='ocrx_word' id='word_1_299' title='bbox 706 1587 790 1621; x_wconf 88' lang='lat' dir='ltr'>locis</span> <span class='ocrx_word' id='word_1_300' title='bbox 816 1599 923 1633; x_wconf 87' lang='lat' dir='ltr'>paene</span> <span class='ocrx_word' id='word_1_301' title='bbox 950 1588 1046 1621; x_wconf 73' lang='lat' dir='ltr'>inviti</span> <span class='ocrx_word' id='word_1_302' title='bbox 1072 1586 1326 1631; x_wconf 79' lang='lat' dir='ltr'>redarguimus.</span> 
     </span>
    </p>
   </div>
   <div class='ocr_carea' id='block_1_3' title="bbox 89 1642 1996 1746">
    <p class='ocr_par' dir='ltr' id='par_1_3' title="bbox 89 1642 1996 1746">
     <span class='ocr_line' id='line_1_26' title="bbox 89 1642 1996 1696; baseline -0.001 -19"><span class='ocrx_word' id='word_1_303' title='bbox 89 1648 280 1696; x_wconf 52' lang='lat' dir='ltr'>gffigsfflfflffigg</span> <span class='ocrx_word' id='word_1_304' title='bbox 409 1645 617 1678; x_wconf 88' lang='lat' dir='ltr'>Graecorum</span> <span class='ocrx_word' id='word_1_305' title='bbox 646 1650 785 1689; x_wconf 89' lang='lat' dir='ltr'>patrum</span> <span class='ocrx_word' id='word_1_306' title='bbox 809 1644 851 1677; x_wconf 84' lang='lat' dir='ltr'>ad</span> <span class='ocrx_word' id='word_1_307' title='bbox 878 1645 1005 1677; x_wconf 89' lang='lat' dir='ltr'>Lucam</span> <span class='ocrx_word' id='word_1_308' title='bbox 1031 1650 1189 1677; x_wconf 89' lang='lat' dir='ltr'>catenam</span> <span class='ocrx_word' id='word_1_309' title='bbox 1215 1654 1346 1688; x_wconf 84' lang='lat' dir='ltr'>nuper,</span> <span class='ocrx_word' id='word_1_310' title='bbox 1367 1643 1402 1676; x_wconf 91' lang='lat' dir='ltr'>id</span> <span class='ocrx_word' id='word_1_311' title='bbox 1429 1649 1479 1676; x_wconf 87' lang='lat' dir='ltr'>est</span> <span class='ocrx_word' id='word_1_312' title='bbox 1507 1653 1598 1676; x_wconf 89' lang='lat' dir='ltr'>anno</span> <span class='ocrx_word' id='word_1_313' title='bbox 1620 1643 1732 1681; x_wconf 59' lang='grc'>1841,</span> <span class='ocrx_word' id='word_1_314' title='bbox 1753 1642 1877 1676; x_wconf 85' lang='lat' dir='ltr'>Oxonii</span> <span class='ocrx_word' id='word_1_315' title='bbox 1905 1642 1996 1676; x_wconf 87' lang='lat' dir='ltr'>curis</span> 
     </span>
     <span class='ocr_line' id='line_1_27' title="bbox 90 1697 1994 1746; baseline -0.001 -12"><span class='ocrx_word' id='word_1_316' title='bbox 90 1697 211 1722; x_wconf 62' lang='lat'>⁵¹¹⁸“¹¹¹‘¹⁵·&#39;</span> <span class='ocrx_word' id='word_1_317' title='bbox 314 1702 379 1735; x_wconf 63' lang='lat' dir='ltr'>viri</span> <span class='ocrx_word' id='word_1_318' title='bbox 405 1701 448 1735; x_wconf 89' lang='lat' dir='ltr'>el.</span> <span class='ocrx_word' id='word_1_319' title='bbox 470 1702 621 1735; x_wconf 84' lang='lat' dir='ltr'>Crameri</span> <span class='ocrx_word' id='word_1_320' title='bbox 648 1713 689 1735; x_wconf 92' lang='lat' dir='ltr'>ex</span> <span class='ocrx_word' id='word_1_321' title='bbox 715 1701 884 1746; x_wconf 83' lang='lat' dir='ltr'>gallicano</span> <span class='ocrx_word' id='word_1_322' title='bbox 907 1701 1026 1735; x_wconf 87' lang='lat' dir='ltr'>codice</span> <span class='ocrx_word' id='word_1_323' title='bbox 1050 1700 1198 1739; x_wconf 89' lang='lat' dir='ltr'>editam,</span> <span class='ocrx_word' id='word_1_324' title='bbox 1223 1711 1300 1734; x_wconf 87' lang='lat' dir='ltr'>sero</span> <span class='ocrx_word' id='word_1_325' title='bbox 1319 1701 1453 1746; x_wconf 89' lang='lat' dir='ltr'>accepi,</span> <span class='ocrx_word' id='word_1_326' title='bbox 1474 1707 1658 1746; x_wconf 88' lang='lat' dir='ltr'>postquam</span> <span class='ocrx_word' id='word_1_327' title='bbox 1679 1710 1746 1745; x_wconf 83' lang='lat' dir='ltr'>ego</span> <span class='ocrx_word' id='word_1_328' title='bbox 1769 1711 1857 1745; x_wconf 91' lang='lat' dir='ltr'>opus</span> <span class='ocrx_word' id='word_1_329' title='bbox 1875 1699 1994 1744; x_wconf 62' lang='lat' dir='ltr'>Cyrilli</span> 
     </span>
    </p>
   </div>
   <div class='ocr_carea' id='block_1_4' title="bbox 264 1757 1995 2779">
    <p class='ocr_par' dir='ltr' id='par_1_4' title="bbox 264 1757 1995 2779">
     <span class='ocr_line' id='line_1_28' title="bbox 314 1757 1995 1805; baseline -0.002 -12"><span class='ocrx_word' id='word_1_330' title='bbox 314 1771 430 1793; x_wconf 90' lang='lat' dir='ltr'>meum</span> <span class='ocrx_word' id='word_1_331' title='bbox 449 1759 732 1805; x_wconf 58' lang='lat' dir='ltr'>prossigax‘eram:</span> <span class='ocrx_word' id='word_1_332' title='bbox 756 1759 909 1804; x_wconf 88' lang='lat' dir='ltr'>alioquin</span> <span class='ocrx_word' id='word_1_333' title='bbox 927 1760 998 1792; x_wconf 87' lang='lat' dir='ltr'>eius</span> <span class='ocrx_word' id='word_1_334' title='bbox 1017 1759 1149 1804; x_wconf 86' lang='lat' dir='ltr'>aliquot</span> <span class='ocrx_word' id='word_1_335' title='bbox 1168 1758 1254 1792; x_wconf 90' lang='lat' dir='ltr'>locis</span> <span class='ocrx_word' id='word_1_336' title='bbox 1274 1759 1475 1804; x_wconf 69' lang='lat' dir='ltr'>tempestive</span> <span class='ocrx_word' id='word_1_337' title='bbox 1495 1770 1576 1792; x_wconf 88' lang='lat' dir='ltr'>usus</span> <span class='ocrx_word' id='word_1_338' title='bbox 1595 1769 1723 1797; x_wconf 89' lang='lat' dir='ltr'>essem,</span> <span class='ocrx_word' id='word_1_339' title='bbox 1745 1759 1773 1791; x_wconf 93' lang='lat' dir='ltr'>si</span> <span class='ocrx_word' id='word_1_340' title='bbox 1795 1757 1880 1791; x_wconf 88' lang='lat' dir='ltr'>nihil</span> <span class='ocrx_word' id='word_1_341' title='bbox 1901 1757 1995 1791; x_wconf 89' lang='lat' dir='ltr'>aliud</span> 
     </span>
     <span class='ocr_line' id='line_1_29' title="bbox 314 1815 1994 1861; baseline -0.001 -12"><span class='ocrx_word' id='word_1_342' title='bbox 314 1823 406 1850; x_wconf 89' lang='lat' dir='ltr'>certe</span> <span class='ocrx_word' id='word_1_343' title='bbox 429 1816 472 1849; x_wconf 92' lang='lat' dir='ltr'>ad</span> <span class='ocrx_word' id='word_1_344' title='bbox 494 1816 726 1850; x_wconf 89' lang='lat' dir='ltr'>collationem.</span> <span class='ocrx_word' id='word_1_345' title='bbox 756 1817 827 1849; x_wconf 92' lang='lat' dir='ltr'>Iam</span> <span class='ocrx_word' id='word_1_346' title='bbox 850 1828 935 1849; x_wconf 62' lang='lat' dir='ltr'>vero</span> <span class='ocrx_word' id='word_1_347' title='bbox 960 1816 1023 1850; x_wconf 90' lang='lat' dir='ltr'>hac</span> <span class='ocrx_word' id='word_1_348' title='bbox 1048 1817 1219 1861; x_wconf 87' lang='lat' dir='ltr'>inspecta,</span> <span class='ocrx_word' id='word_1_349' title='bbox 1242 1816 1278 1849; x_wconf 91' lang='lat' dir='ltr'>in</span> <span class='ocrx_word' id='word_1_350' title='bbox 1303 1815 1420 1861; x_wconf 72' lang='lat' dir='ltr'>cyrilli</span> <span class='ocrx_word' id='word_1_351' title='bbox 1443 1827 1528 1861; x_wconf 89' lang='lat' dir='ltr'>quas</span> <span class='ocrx_word' id='word_1_352' title='bbox 1554 1815 1661 1849; x_wconf 84' lang='lat' dir='ltr'>refert</span> <span class='ocrx_word' id='word_1_353' title='bbox 1684 1815 1859 1861; x_wconf 87' lang='lat' dir='ltr'>partibus,</span> <span class='ocrx_word' id='word_1_354' title='bbox 1881 1816 1994 1849; x_wconf 89' lang='lat' dir='ltr'>statim</span> 
     </span>
     <span class='ocr_line' id='line_1_30' title="bbox 315 1871 1993 1919; baseline 0 -12"><span class='ocrx_word' id='word_1_355' title='bbox 315 1874 439 1917; x_wconf 70' lang='lat' dir='ltr'>agnovi</span> <span class='ocrx_word' id='word_1_356' title='bbox 465 1874 601 1906; x_wconf 87' lang='lat' dir='ltr'>nonnisi</span> <span class='ocrx_word' id='word_1_357' title='bbox 625 1879 763 1906; x_wconf 85' lang='lat' dir='ltr'>tenuem</span> <span class='ocrx_word' id='word_1_358' title='bbox 788 1871 868 1906; x_wconf 89' lang='lat' dir='ltr'>libri</span> <span class='ocrx_word' id='word_1_359' title='bbox 888 1873 955 1906; x_wconf 88' lang='lat' dir='ltr'>mei</span> <span class='ocrx_word' id='word_1_360' title='bbox 982 1879 1114 1919; x_wconf 88' lang='lat' dir='ltr'>partem</span> <span class='ocrx_word' id='word_1_361' title='bbox 1139 1873 1209 1906; x_wconf 88' lang='lat' dir='ltr'>illie.</span> <span class='ocrx_word' id='word_1_362' title='bbox 1229 1873 1418 1911; x_wconf 88' lang='lat' dir='ltr'>contineri,</span> <span class='ocrx_word' id='word_1_363' title='bbox 1440 1884 1548 1918; x_wconf 90' lang='lat' dir='ltr'>quum</span> <span class='ocrx_word' id='word_1_364' title='bbox 1572 1873 1632 1906; x_wconf 93' lang='lat' dir='ltr'>illa</span> <span class='ocrx_word' id='word_1_365' title='bbox 1655 1884 1695 1906; x_wconf 86' lang='lat' dir='ltr'>ex</span> <span class='ocrx_word' id='word_1_366' title='bbox 1720 1873 1823 1906; x_wconf 90' lang='lat' dir='ltr'>unico</span> <span class='ocrx_word' id='word_1_367' title='bbox 1849 1884 1913 1906; x_wconf 89' lang='lat' dir='ltr'>nec</span> <span class='ocrx_word' id='word_1_368' title='bbox 1936 1885 1993 1907; x_wconf 90' lang='lat' dir='ltr'>co-</span> 
     </span>
     <span class='ocr_line' id='line_1_31' title="bbox 314 1929 1994 1975; baseline 0 -12"><span class='ocrx_word' id='word_1_369' title='bbox 314 1931 412 1975; x_wconf 88' lang='lat' dir='ltr'>pioso</span> <span class='ocrx_word' id='word_1_370' title='bbox 439 1930 576 1968; x_wconf 91' lang='lat' dir='ltr'>codice,</span> <span class='ocrx_word' id='word_1_371' title='bbox 597 1941 694 1963; x_wconf 87' lang='lat' dir='ltr'>meus</span> <span class='ocrx_word' id='word_1_372' title='bbox 715 1936 828 1963; x_wconf 84' lang='lat' dir='ltr'>autem</span> <span class='ocrx_word' id='word_1_373' title='bbox 848 1929 936 1964; x_wconf 90' lang='lat' dir='ltr'>liber</span> <span class='ocrx_word' id='word_1_374' title='bbox 958 1942 997 1963; x_wconf 84' lang='lat' dir='ltr'>ex</span> <span class='ocrx_word' id='word_1_375' title='bbox 1018 1929 1203 1964; x_wconf 90' lang='lat' dir='ltr'>duodecim</span> <span class='ocrx_word' id='word_1_376' title='bbox 1224 1941 1288 1963; x_wconf 90' lang='lat' dir='ltr'>ms.</span> <span class='ocrx_word' id='word_1_377' title='bbox 1310 1931 1452 1969; x_wconf 86' lang='lat' dir='ltr'>catenis,</span> <span class='ocrx_word' id='word_1_378' title='bbox 1474 1941 1622 1975; x_wconf 86' lang='lat' dir='ltr'>quarum</span> <span class='ocrx_word' id='word_1_379' title='bbox 1649 1930 1781 1975; x_wconf 84' lang='lat' dir='ltr'>aliquot</span> <span class='ocrx_word' id='word_1_380' title='bbox 1800 1931 1994 1975; x_wconf 78' lang='lat' dir='ltr'>copiosissi-</span> 
     </span>
     <span class='ocr_line' id='line_1_32' title="bbox 312 1985 1991 2033; baseline 0.001 -13"><span class='ocrx_word' id='word_1_381' title='bbox 312 1998 405 2026; x_wconf 91' lang='lat' dir='ltr'>mae,</span> <span class='ocrx_word' id='word_1_382' title='bbox 429 1986 585 2033; x_wconf 88' lang='lat' dir='ltr'>prodeat.</span> <span class='ocrx_word' id='word_1_383' title='bbox 608 1987 741 2020; x_wconf 87' lang='lat' dir='ltr'>Etenim</span> <span class='ocrx_word' id='word_1_384' title='bbox 760 1985 819 2020; x_wconf 91' lang='lat' dir='ltr'>ubi</span> <span class='ocrx_word' id='word_1_385' title='bbox 837 1988 1079 2032; x_wconf 85' lang='lat' dir='ltr'>quaterniones</span> <span class='ocrx_word' id='word_1_386' title='bbox 1098 1988 1205 2021; x_wconf 87' lang='lat' dir='ltr'>nostri</span> <span class='ocrx_word' id='word_1_387' title='bbox 1226 1987 1318 2033; x_wconf 89' lang='lat' dir='ltr'>pleni</span> <span class='ocrx_word' id='word_1_388' title='bbox 1337 1987 1525 2021; x_wconf 88' lang='lat' dir='ltr'>decurrunt</span> <span class='ocrx_word' id='word_1_389' title='bbox 1541 2013 1548 2025; x_wconf 90' lang='lat'>,</span> <span class='ocrx_word' id='word_1_390' title='bbox 1571 1987 1619 2021; x_wconf 89' lang='lat' dir='ltr'>ibi</span> <span class='ocrx_word' id='word_1_391' title='bbox 1638 1987 1813 2021; x_wconf 91' lang='lat' dir='ltr'>interdum</span> <span class='ocrx_word' id='word_1_392' title='bbox 1831 1988 1884 2021; x_wconf 56' lang='lat' dir='ltr'>wel</span> <span class='ocrx_word' id='word_1_393' title='bbox 1905 1988 1991 2021; x_wconf 83' lang='lat' dir='ltr'>nihil</span> 
     </span>
     <span class='ocr_line' id='line_1_33' title="bbox 312 2043 1992 2090; baseline 0.001 -13"><span class='ocrx_word' id='word_1_394' title='bbox 312 2044 421 2078; x_wconf 77' lang='lat' dir='ltr'>codex</span> <span class='ocrx_word' id='word_1_395' title='bbox 439 2044 627 2089; x_wconf 82' lang='lat' dir='ltr'>gallicanus</span> <span class='ocrx_word' id='word_1_396' title='bbox 647 2043 783 2082; x_wconf 86' lang='lat' dir='ltr'>habuit,</span> <span class='ocrx_word' id='word_1_397' title='bbox 805 2050 888 2089; x_wconf 88' lang='lat' dir='ltr'>puta</span> <span class='ocrx_word' id='word_1_398' title='bbox 907 2045 940 2077; x_wconf 92' lang='lat' dir='ltr'>in</span> <span class='ocrx_word' id='word_1_399' title='bbox 960 2056 1059 2090; x_wconf 89' lang='lat' dir='ltr'>capp.</span> <span class='ocrx_word' id='word_1_400' title='bbox 1081 2046 1106 2077; x_wconf 89' lang='lat'>1.</span> <span class='ocrx_word' id='word_1_401' title='bbox 1128 2045 1215 2079; x_wconf 84' lang='lat' dir='ltr'>XVI.</span> <span class='ocrx_word' id='word_1_402' title='bbox 1236 2046 1359 2078; x_wconf 80' lang='lat' dir='ltr'>xxtV:</span> <span class='ocrx_word' id='word_1_403' title='bbox 1379 2045 1434 2079; x_wconf 61' lang='lat' dir='ltr'>vel</span> <span class='ocrx_word' id='word_1_404' title='bbox 1453 2045 1586 2090; x_wconf 79' lang='lat' dir='ltr'>singula</span> <span class='ocrx_word' id='word_1_405' title='bbox 1605 2045 1661 2078; x_wconf 65' lang='lat' dir='ltr'>vix</span> <span class='ocrx_word' id='word_1_406' title='bbox 1681 2045 1889 2090; x_wconf 80' lang='lat' dir='ltr'>fragmenta,</span> <span class='ocrx_word' id='word_1_407' title='bbox 1910 2050 1992 2090; x_wconf 88' lang='lat' dir='ltr'>puta</span> 
     </span>
     <span class='ocr_line' id='line_1_34' title="bbox 312 2101 1992 2147; baseline 0.001 -13"><span class='ocrx_word' id='word_1_408' title='bbox 312 2103 347 2135; x_wconf 91' lang='lat' dir='ltr'>in</span> <span class='ocrx_word' id='word_1_409' title='bbox 374 2113 473 2147; x_wconf 90' lang='lat' dir='ltr'>capp.</span> <span class='ocrx_word' id='word_1_410' title='bbox 496 2102 554 2135; x_wconf 91' lang='grc' dir='ltr'><strong>ΙΙΙ.</strong></span> <span class='ocrx_word' id='word_1_411' title='bbox 576 2108 609 2134; x_wconf 92' lang='lat' dir='ltr'>et</span> <span class='ocrx_word' id='word_1_412' title='bbox 628 2102 698 2135; x_wconf 79' lang='lat' dir='ltr'>XV.</span> <span class='ocrx_word' id='word_1_413' title='bbox 728 2102 804 2135; x_wconf 88' lang='lat' dir='ltr'>Huc</span> <span class='ocrx_word' id='word_1_414' title='bbox 829 2101 958 2135; x_wconf 87' lang='lat' dir='ltr'>aceedit</span> <span class='ocrx_word' id='word_1_415' title='bbox 981 2102 1077 2146; x_wconf 86' lang='lat' dir='ltr'>quod</span> <span class='ocrx_word' id='word_1_416' title='bbox 1102 2103 1136 2135; x_wconf 92' lang='lat' dir='ltr'>in</span> <span class='ocrx_word' id='word_1_417' title='bbox 1162 2101 1255 2135; x_wconf 88' lang='lat' dir='ltr'>libro</span> <span class='ocrx_word' id='word_1_418' title='bbox 1280 2102 1375 2136; x_wconf 88' lang='lat' dir='ltr'>edito</span> <span class='ocrx_word' id='word_1_419' title='bbox 1400 2102 1549 2147; x_wconf 68' lang='lat' dir='ltr'>Cyrillus</span> <span class='ocrx_word' id='word_1_420' title='bbox 1569 2103 1691 2135; x_wconf 87' lang='lat' dir='ltr'>ceteris</span> <span class='ocrx_word' id='word_1_421' title='bbox 1713 2101 1868 2147; x_wconf 82' lang='lat' dir='ltr'>patribus</span> <span class='ocrx_word' id='word_1_422' title='bbox 1889 2103 1992 2135; x_wconf 87' lang='lat' dir='ltr'>inter-</span> 
     </span>
     <span class='ocr_line' id='line_1_35' title="bbox 312 2158 1991 2204; baseline 0.001 -13"><span class='ocrx_word' id='word_1_423' title='bbox 312 2159 455 2196; x_wconf 80' lang='lat' dir='ltr'>seritur,</span> <span class='ocrx_word' id='word_1_424' title='bbox 477 2158 640 2203; x_wconf 88' lang='lat' dir='ltr'>nullaque</span> <span class='ocrx_word' id='word_1_425' title='bbox 665 2159 948 2204; x_wconf 85' lang='lat' dir='ltr'>interpretatione</span> <span class='ocrx_word' id='word_1_426' title='bbox 974 2158 1078 2192; x_wconf 91' lang='lat' dir='ltr'>latina</span> <span class='ocrx_word' id='word_1_427' title='bbox 1101 2158 1283 2192; x_wconf 67' lang='lat' dir='ltr'>scholiisve</span> <span class='ocrx_word' id='word_1_428' title='bbox 1305 2159 1510 2193; x_wconf 83' lang='lat' dir='ltr'>illustratur.</span> <span class='ocrx_word' id='word_1_429' title='bbox 1540 2160 1634 2199; x_wconf 86' lang='lat' dir='ltr'>Quae</span> <span class='ocrx_word' id='word_1_430' title='bbox 1659 2159 1744 2192; x_wconf 88' lang='lat' dir='ltr'>dum</span> <span class='ocrx_word' id='word_1_431' title='bbox 1768 2158 1991 2193; x_wconf 84' lang='lat' dir='ltr'>historialiter</span> 
     </span>
     <span class='ocr_line' id='line_1_36' title="bbox 312 2214 1992 2261; baseline 0.001 -14"><span class='ocrx_word' id='word_1_432' title='bbox 312 2226 436 2253; x_wconf 89' lang='lat' dir='ltr'>narro,</span> <span class='ocrx_word' id='word_1_433' title='bbox 462 2214 554 2248; x_wconf 89' lang='lat' dir='ltr'>haud</span> <span class='ocrx_word' id='word_1_434' title='bbox 581 2215 694 2249; x_wconf 89' lang='lat' dir='ltr'>hercle</span> <span class='ocrx_word' id='word_1_435' title='bbox 719 2216 902 2260; x_wconf 90' lang='lat' dir='ltr'>quicquam</span> <span class='ocrx_word' id='word_1_436' title='bbox 928 2217 1113 2261; x_wconf 87' lang='lat' dir='ltr'>praestanti</span> <span class='ocrx_word' id='word_1_437' title='bbox 1141 2216 1317 2249; x_wconf 82' lang='lat' dir='ltr'>oxoniensi</span> <span class='ocrx_word' id='word_1_438' title='bbox 1343 2215 1435 2249; x_wconf 92' lang='lat' dir='ltr'>libro</span> <span class='ocrx_word' id='word_1_439' title='bbox 1463 2216 1644 2250; x_wconf 88' lang='lat' dir='ltr'>detrahere</span> <span class='ocrx_word' id='word_1_440' title='bbox 1669 2216 1773 2254; x_wconf 77' lang='lat' dir='ltr'>volo,</span> <span class='ocrx_word' id='word_1_441' title='bbox 1797 2217 1853 2250; x_wconf 88' lang='lat' dir='ltr'>cui</span> <span class='ocrx_word' id='word_1_442' title='bbox 1879 2217 1992 2250; x_wconf 85' lang='lat' dir='ltr'>omnis</span> 
     </span>
     <span class='ocr_line' id='line_1_37' title="bbox 311 2271 1992 2319; baseline 0.002 -15"><span class='ocrx_word' id='word_1_443' title='bbox 311 2282 329 2304; x_wconf 90' lang='lat' dir='ltr'>a</span> <span class='ocrx_word' id='word_1_444' title='bbox 350 2282 404 2305; x_wconf 92' lang='lat' dir='ltr'>me</span> <span class='ocrx_word' id='word_1_445' title='bbox 428 2271 574 2305; x_wconf 84' lang='lat' dir='ltr'>debetur</span> <span class='ocrx_word' id='word_1_446' title='bbox 594 2272 707 2306; x_wconf 90' lang='lat' dir='ltr'>honor</span> <span class='ocrx_word' id='word_1_447' title='bbox 725 2284 763 2306; x_wconf 90' lang='lat' dir='ltr'>ac</span> <span class='ocrx_word' id='word_1_448' title='bbox 783 2284 890 2318; x_wconf 89' lang='lat' dir='ltr'>porro</span> <span class='ocrx_word' id='word_1_449' title='bbox 911 2273 1081 2311; x_wconf 80' lang='lat' dir='ltr'>defertur,</span> <span class='ocrx_word' id='word_1_450' title='bbox 1103 2279 1246 2318; x_wconf 87' lang='lat' dir='ltr'>propter</span> <span class='ocrx_word' id='word_1_451' title='bbox 1265 2274 1314 2306; x_wconf 90' lang='lat' dir='ltr'>rei</span> <span class='ocrx_word' id='word_1_452' title='bbox 1334 2284 1448 2307; x_wconf 87' lang='lat' dir='ltr'>sacrae</span> <span class='ocrx_word' id='word_1_453' title='bbox 1467 2273 1668 2312; x_wconf 87' lang='lat' dir='ltr'>utilitatem,</span> <span class='ocrx_word' id='word_1_454' title='bbox 1690 2280 1855 2319; x_wconf 65' lang='lat' dir='ltr'>typorum</span> <span class='ocrx_word' id='word_1_455' title='bbox 1874 2274 1992 2319; x_wconf 89' lang='lat' dir='ltr'>splen-</span> 
     </span>
     <span class='ocr_line' id='line_1_38' title="bbox 311 2327 1990 2376; baseline 0.003 -15"><span class='ocrx_word' id='word_1_456' title='bbox 311 2327 453 2368; x_wconf 88' lang='lat' dir='ltr'>dorem,</span> <span class='ocrx_word' id='word_1_457' title='bbox 475 2329 617 2363; x_wconf 88' lang='lat' dir='ltr'>editoris</span> <span class='ocrx_word' id='word_1_458' title='bbox 635 2336 810 2364; x_wconf 88' lang='lat' dir='ltr'>strenuam</span> <span class='ocrx_word' id='word_1_459' title='bbox 829 2330 1044 2364; x_wconf 88' lang='lat' dir='ltr'>sedulitatem</span> <span class='ocrx_word' id='word_1_460' title='bbox 1072 2336 1173 2376; x_wconf 89' lang='lat' dir='ltr'>atque</span> <span class='ocrx_word' id='word_1_461' title='bbox 1199 2331 1369 2376; x_wconf 90' lang='lat' dir='ltr'>peritiam.</span> <span class='ocrx_word' id='word_1_462' title='bbox 1398 2330 1463 2364; x_wconf 87' lang='lat' dir='ltr'>Sed</span> <span class='ocrx_word' id='word_1_463' title='bbox 1483 2342 1560 2365; x_wconf 79' lang='lat' dir='ltr'>ecce</span> <span class='ocrx_word' id='word_1_464' title='bbox 1580 2331 1674 2364; x_wconf 88' lang='lat' dir='ltr'>aliud</span> <span class='ocrx_word' id='word_1_465' title='bbox 1693 2342 1749 2364; x_wconf 91' lang='lat' dir='ltr'>me</span> <span class='ocrx_word' id='word_1_466' title='bbox 1767 2331 1990 2366; x_wconf 66' lang='lat' dir='ltr'>vehementer</span> 
     </span>
     <span class='ocr_line' id='line_1_39' title="bbox 311 2387 1989 2435; baseline 0.003 -17"><span class='ocrx_word' id='word_1_467' title='bbox 311 2387 515 2424; x_wconf 77' lang='lat' dir='ltr'>commmit,</span> <span class='ocrx_word' id='word_1_468' title='bbox 532 2387 726 2432; x_wconf 81' lang='lat' dir='ltr'>gaudioque</span> <span class='ocrx_word' id='word_1_469' title='bbox 745 2387 886 2425; x_wconf 87' lang='lat' dir='ltr'>adfecit,</span> <span class='ocrx_word' id='word_1_470' title='bbox 906 2388 1001 2432; x_wconf 93' lang='lat' dir='ltr'>quod</span> <span class='ocrx_word' id='word_1_471' title='bbox 1021 2387 1064 2422; x_wconf 92' lang='lat' dir='ltr'>ab</span> <span class='ocrx_word' id='word_1_472' title='bbox 1083 2388 1363 2434; x_wconf 86' lang='lat' dir='ltr'>ephemeridibus</span> <span class='ocrx_word' id='word_1_473' title='bbox 1382 2388 1529 2434; x_wconf 89' lang='lat' dir='ltr'>publicis</span> <span class='ocrx_word' id='word_1_474' title='bbox 1545 2390 1747 2424; x_wconf 85' lang='lat' dir='ltr'>nunciatum</span> <span class='ocrx_word' id='word_1_475' title='bbox 1768 2389 1848 2427; x_wconf 83' lang='lat' dir='ltr'>fuit,</span> <span class='ocrx_word' id='word_1_476' title='bbox 1869 2389 1989 2435; x_wconf 71' lang='lat' dir='ltr'>Cyrilli</span> 
     </span>
     <span class='ocr_line' id='line_1_40' title="bbox 311 2443 1990 2493; baseline 0.004 -18"><span class='ocrx_word' id='word_1_477' title='bbox 311 2443 464 2488; x_wconf 87' lang='lat' dir='ltr'>integros</span> <span class='ocrx_word' id='word_1_478' title='bbox 482 2443 525 2476; x_wconf 91' lang='lat' dir='ltr'>ad</span> <span class='ocrx_word' id='word_1_479' title='bbox 545 2445 670 2477; x_wconf 89' lang='lat' dir='ltr'>Lucam</span> <span class='ocrx_word' id='word_1_480' title='bbox 696 2446 980 2484; x_wconf 87' lang='lat' dir='ltr'>commentarios,</span> <span class='ocrx_word' id='word_1_481' title='bbox 1003 2446 1038 2478; x_wconf 90' lang='lat' dir='ltr'>in</span> <span class='ocrx_word' id='word_1_482' title='bbox 1064 2447 1256 2490; x_wconf 61' lang='lat' dir='ltr'>syriaticam</span> <span class='ocrx_word' id='word_1_483' title='bbox 1283 2446 1436 2490; x_wconf 76' lang='lat' dir='ltr'>linguam</span> <span class='ocrx_word' id='word_1_484' title='bbox 1457 2458 1661 2486; x_wconf 70' lang='lat' dir='ltr'>conversos,</span> <span class='ocrx_word' id='word_1_485' title='bbox 1686 2458 1798 2492; x_wconf 93' lang='lat' dir='ltr'>nuper</span> <span class='ocrx_word' id='word_1_486' title='bbox 1817 2458 1856 2480; x_wconf 86' lang='lat' dir='ltr'>ex</span> <span class='ocrx_word' id='word_1_487' title='bbox 1877 2448 1990 2493; x_wconf 57' lang='lat' dir='ltr'>Aegy-</span> 
     </span>
     <span class='ocr_line' id='line_1_41' title="bbox 311 2500 1989 2550; baseline 0.004 -18"><span class='ocrx_word' id='word_1_488' title='bbox 311 2505 372 2544; x_wconf 91' lang='lat' dir='ltr'>pto</span> <span class='ocrx_word' id='word_1_489' title='bbox 391 2500 426 2533; x_wconf 90' lang='lat' dir='ltr'>in</span> <span class='ocrx_word' id='word_1_490' title='bbox 444 2500 605 2545; x_wconf 81' lang='lat' dir='ltr'>Angliam</span> <span class='ocrx_word' id='word_1_491' title='bbox 630 2513 702 2535; x_wconf 80' lang='lat' dir='ltr'>esse</span> <span class='ocrx_word' id='word_1_492' title='bbox 729 2501 898 2547; x_wconf 88' lang='lat' dir='ltr'>perlatos:</span> <span class='ocrx_word' id='word_1_493' title='bbox 921 2502 1016 2547; x_wconf 90' lang='lat' dir='ltr'>quod</span> <span class='ocrx_word' id='word_1_494' title='bbox 1043 2514 1123 2536; x_wconf 85' lang='lat' dir='ltr'>sane</span> <span class='ocrx_word' id='word_1_495' title='bbox 1150 2503 1326 2548; x_wconf 86' lang='lat' dir='ltr'>exemplar</span> <span class='ocrx_word' id='word_1_496' title='bbox 1345 2504 1371 2536; x_wconf 86' lang='lat' dir='ltr'>si</span> <span class='ocrx_word' id='word_1_497' title='bbox 1391 2503 1486 2537; x_wconf 87' lang='lat' dir='ltr'>nulla</span> <span class='ocrx_word' id='word_1_498' title='bbox 1514 2503 1644 2537; x_wconf 83' lang='lat' dir='ltr'>laesum</span> <span class='ocrx_word' id='word_1_499' title='bbox 1665 2504 1787 2538; x_wconf 88' lang='lat' dir='ltr'>lacuna</span> <span class='ocrx_word' id='word_1_500' title='bbox 1811 2505 1873 2543; x_wconf 86' lang='lat' dir='ltr'>sit,</span> <span class='ocrx_word' id='word_1_501' title='bbox 1897 2506 1989 2550; x_wconf 84' lang='lat' dir='ltr'>peri-</span> 
     </span>
     <span class='ocr_line' id='line_1_42' title="bbox 311 2555 1990 2607; baseline 0.004 -18"><span class='ocrx_word' id='word_1_502' title='bbox 311 2561 412 2601; x_wconf 90' lang='lat' dir='ltr'>teque</span> <span class='ocrx_word' id='word_1_503' title='bbox 431 2555 475 2590; x_wconf 87' lang='lat' dir='ltr'>ab</span> <span class='ocrx_word' id='word_1_504' title='bbox 495 2558 682 2603; x_wconf 83' lang='lat' dir='ltr'>interprete</span> <span class='ocrx_word' id='word_1_505' title='bbox 707 2570 788 2603; x_wconf 66' lang='lat' dir='ltr'>syro</span> <span class='ocrx_word' id='word_1_506' title='bbox 814 2558 1048 2597; x_wconf 84' lang='lat' dir='ltr'>elaboratum,</span> <span class='ocrx_word' id='word_1_507' title='bbox 1070 2559 1188 2604; x_wconf 58' lang='lat' dir='ltr'>Cyrilli</span> <span class='ocrx_word' id='word_1_508' title='bbox 1215 2560 1356 2593; x_wconf 89' lang='lat' dir='ltr'>demum</span> <span class='ocrx_word' id='word_1_509' title='bbox 1383 2566 1494 2593; x_wconf 89' lang='lat' dir='ltr'>totum</span> <span class='ocrx_word' id='word_1_510' title='bbox 1518 2560 1786 2607; x_wconf 88' lang='lat' dir='ltr'>ordinatumque</span> <span class='ocrx_word' id='word_1_511' title='bbox 1805 2572 1843 2595; x_wconf 90' lang='lat' dir='ltr'>ae</span> <span class='ocrx_word' id='word_1_512' title='bbox 1862 2573 1990 2607; x_wconf 91' lang='lat' dir='ltr'>purum</span> 
     </span>
     <span class='ocr_line' id='line_1_43' title="bbox 310 2613 1991 2664; baseline 0.004 -19"><span class='ocrx_word' id='word_1_513' title='bbox 310 2623 399 2657; x_wconf 83' lang='lat' dir='ltr'>opus</span> <span class='ocrx_word' id='word_1_514' title='bbox 416 2639 424 2651; x_wconf 82' lang='lat'>,</span> <span class='ocrx_word' id='word_1_515' title='bbox 452 2614 487 2646; x_wconf 93' lang='lat' dir='ltr'>in</span> <span class='ocrx_word' id='word_1_516' title='bbox 515 2613 628 2647; x_wconf 88' lang='lat' dir='ltr'>alieno</span> <span class='ocrx_word' id='word_1_517' title='bbox 653 2615 774 2648; x_wconf 88' lang='lat' dir='ltr'>saltem</span> <span class='ocrx_word' id='word_1_518' title='bbox 802 2615 966 2649; x_wconf 85' lang='lat' dir='ltr'>idiomate</span> <span class='ocrx_word' id='word_1_519' title='bbox 994 2616 1277 2662; x_wconf 82' lang='lat' dir='ltr'>repraesentabit.</span> <span class='ocrx_word' id='word_1_520' title='bbox 1305 2618 1392 2650; x_wconf 86' lang='lat' dir='ltr'>Nam</span> <span class='ocrx_word' id='word_1_521' title='bbox 1423 2624 1622 2651; x_wconf 83' lang='lat' dir='ltr'>catenarum</span> <span class='ocrx_word' id='word_1_522' title='bbox 1652 2618 1873 2653; x_wconf 88' lang='lat' dir='ltr'>incommoda</span> <span class='ocrx_word' id='word_1_523' title='bbox 1903 2630 1991 2664; x_wconf 89' lang='lat' dir='ltr'>quae</span> 
     </span>
     <span class='ocr_line' id='line_1_44' title="bbox 310 2670 1991 2720; baseline 0.004 -18"><span class='ocrx_word' id='word_1_524' title='bbox 310 2670 397 2707; x_wconf 81' lang='lat' dir='ltr'>sint,</span> <span class='ocrx_word' id='word_1_525' title='bbox 427 2682 529 2705; x_wconf 89' lang='lat' dir='ltr'>nemo</span> <span class='ocrx_word' id='word_1_526' title='bbox 553 2672 707 2706; x_wconf 88' lang='lat' dir='ltr'>eruditus</span> <span class='ocrx_word' id='word_1_527' title='bbox 734 2673 868 2717; x_wconf 84' lang='lat' dir='ltr'>ignorat</span> <span class='ocrx_word' id='word_1_528' title='bbox 895 2673 1127 2719; x_wconf 86' lang='lat' dir='ltr'>(quamquam</span> <span class='ocrx_word' id='word_1_529' title='bbox 1153 2680 1186 2707; x_wconf 92' lang='lat' dir='ltr'>et</span> <span class='ocrx_word' id='word_1_530' title='bbox 1212 2674 1269 2707; x_wconf 92' lang='lat' dir='ltr'>illa</span> <span class='ocrx_word' id='word_1_531' title='bbox 1297 2674 1478 2720; x_wconf 88' lang='lat' dir='ltr'>peculiaris</span> <span class='ocrx_word' id='word_1_532' title='bbox 1503 2675 1624 2709; x_wconf 88' lang='lat' dir='ltr'>harum</span> <span class='ocrx_word' id='word_1_533' title='bbox 1651 2682 1685 2710; x_wconf 92' lang='lat' dir='ltr'>et</span> <span class='ocrx_word' id='word_1_534' title='bbox 1710 2677 1886 2710; x_wconf 67' lang='lat' dir='ltr'>xerissima</span> <span class='ocrx_word' id='word_1_535' title='bbox 1918 2676 1991 2708; x_wconf 87' lang='lat' dir='ltr'>laus</span> 
     </span>
     <span class='ocr_line' id='line_1_45' title="bbox 264 2728 1991 2779; baseline 0.004 -20"><span class='ocrx_word' id='word_1_536' title='bbox 264 2748 267 2752; x_wconf 36' lang='grc' dir='ltr'><em>ν</em></span> <span class='ocrx_word' id='word_1_537' title='bbox 309 2732 375 2765; x_wconf 80' lang='lat' dir='ltr'>est,</span> <span class='ocrx_word' id='word_1_538' title='bbox 396 2728 491 2772; x_wconf 90' lang='lat' dir='ltr'>quod</span> <span class='ocrx_word' id='word_1_539' title='bbox 511 2729 690 2763; x_wconf 90' lang='lat' dir='ltr'>meliorem</span> <span class='ocrx_word' id='word_1_540' title='bbox 716 2731 879 2776; x_wconf 85' lang='lat' dir='ltr'>cuiusque</span> <span class='ocrx_word' id='word_1_541' title='bbox 898 2732 1013 2776; x_wconf 84' lang='lat' dir='ltr'>operis</span> <span class='ocrx_word' id='word_1_542' title='bbox 1037 2743 1156 2765; x_wconf 90' lang='lat' dir='ltr'>sucum</span> <span class='ocrx_word' id='word_1_543' title='bbox 1182 2731 1337 2765; x_wconf 88' lang='lat' dir='ltr'>delibare</span> <span class='ocrx_word' id='word_1_544' title='bbox 1356 2732 1478 2766; x_wconf 85' lang='lat' dir='ltr'>solent.</span> <span class='ocrx_word' id='word_1_545' title='bbox 1496 2733 1505 2778; x_wconf 92' lang='lat'>)</span> <span class='ocrx_word' id='word_1_546' title='bbox 1533 2733 1703 2779; x_wconf 85' lang='lat' dir='ltr'>Eclogarii</span> <span class='ocrx_word' id='word_1_547' title='bbox 1723 2734 1852 2768; x_wconf 85' lang='lat' dir='ltr'>scilicet</span> <span class='ocrx_word' id='word_1_548' title='bbox 1877 2739 1991 2779; x_wconf 81' lang='lat' dir='ltr'>partes</span> 
     </span>
    </p>
   </div>
   <div class='ocr_carea' id='block_1_5' title="bbox 388 2853 1894 2892">
    <p class='ocr_par' dir='ltr' id='par_1_5' title="bbox 388 2853 1894 2892">
     <span class='ocr_line' id='line_1_46' title="bbox 388 2853 1894 2892; baseline 0.003 -12"><span class='ocrx_word' id='word_1_549' title='bbox 388 2855 423 2885; x_wconf 77' lang='lat'>(1)</span> <span class='ocrx_word' id='word_1_550' title='bbox 445 2853 532 2882; x_wconf 84' lang='lat' dir='ltr'>Huius</span> <span class='ocrx_word' id='word_1_551' title='bbox 551 2854 667 2887; x_wconf 74' lang='lat' dir='ltr'>codicis,</span> <span class='ocrx_word' id='word_1_552' title='bbox 689 2863 785 2890; x_wconf 81' lang='lat' dir='ltr'>nempe</span> <span class='ocrx_word' id='word_1_553' title='bbox 804 2859 856 2882; x_wconf 72' lang='lat' dir='ltr'>vat.</span> <span class='ocrx_word' id='word_1_554' title='bbox 882 2859 960 2886; x_wconf 71' lang='grc'>1411,</span> <span class='ocrx_word' id='word_1_555' title='bbox 981 2857 1118 2891; x_wconf 82' lang='lat' dir='ltr'>specimen</span> <span class='ocrx_word' id='word_1_556' title='bbox 1137 2858 1287 2892; x_wconf 82' lang='lat' dir='ltr'>scripturae</span> <span class='ocrx_word' id='word_1_557' title='bbox 1307 2858 1480 2887; x_wconf 67' lang='lat' dir='ltr'>exhibuimus</span> <span class='ocrx_word' id='word_1_558' title='bbox 1500 2863 1566 2887; x_wconf 82' lang='lat' dir='ltr'>toni.</span> <span class='ocrx_word' id='word_1_559' title='bbox 1589 2860 1633 2887; x_wconf 84' lang='lat' dir='ltr'>IV.</span> <span class='ocrx_word' id='word_1_560' title='bbox 1654 2860 1684 2888; x_wconf 88' lang='lat' dir='ltr'>in</span> <span class='ocrx_word' id='word_1_561' title='bbox 1703 2859 1799 2887; x_wconf 80' lang='lat' dir='ltr'>tabula</span> <span class='ocrx_word' id='word_1_562' title='bbox 1818 2867 1846 2887; x_wconf 80' lang='grc' dir='ltr'>ιι.</span> <span class='ocrx_word' id='word_1_563' title='bbox 1872 2862 1894 2885; x_wconf 66' lang='lat' dir='ltr'>t.</span> 
     </span>
    </p>
   </div>
   <div class='ocr_carea' id='block_1_6' title="bbox 2296 0 2326 3362">
    <p class='ocr_par' dir='ltr' id='par_1_6' title="bbox 2296 0 2326 3362">
     <span class='ocr_line' id='line_1_47' title="bbox 2296 0 2326 3362; baseline 0 0"><span class='ocrx_word' id='word_1_564' title='bbox 2296 0 2326 3362; x_wconf 95' lang='lat' dir='ltr'> </span> 
     </span>
    </p>
   </div>
  </div>
 </body>
</html>
