2219 3322
299 199 366 232 566

936 270 1338 314 MONITUM.

299 550 430 605 Aiebat
452 575 567 604 animus
590 582 696 603 novum
718 573 841 611 aliquod
862 575 963 611 maqni
985 574 1073 603 etiam
1090 575 1245 604 Athanasii
1267 576 1406 612 scriptum
1429 576 1460 604 in
1482 574 1537 603 hac
1558 577 1657 603 nostra
1674 577 1797 613 patrum
1816 576 1983 605 collectione

301 631 434 657 recitare.
461 628 498 656 In
517 627 626 665 primis
641 627 739 664 itaque
756 626 796 655 ad
817 626 960 664 qrandem
976 627 1062 657 illam
1078 637 1131 657 ms.
1155 628 1273 657 Nicetae
1289 629 1321 656 in
1338 628 1443 657 Lucam
1465 631 1595 657 catenam
1618 636 1663 656 me
1685 629 1808 666 contuli,
1830 631 1912 658 cuius
1929 631 1982 658 etsi

301 690 437 720 maqnam
454 685 573 720 partem
591 682 622 710 in
638 689 712 709 nono
729 680 911 717 Scriptorum
926 683 984 710 vet.
1005 681 1150 710 volumine
1173 681 1270 718 edidi,
1293 680 1447 710 Athanasii
1463 684 1559 711 tamen
1574 690 1648 719 quae
1665 683 1780 711 inerant
1797 685 1900 720 partes
1915 685 1983 711 tunc

300 736 500 772 praetermisi,
520 734 706 771 diliqentiori
729 742 776 762 eas
799 742 949 762 reservans
966 735 1097 763 examini
1104 745 1116 772 ,-
1133 734 1211 772 quod
1232 743 1322 772 quum
1340 737 1444 772 postea
1459 733 1599 772 jecerim,
1618 735 1784 772 permultas
1799 743 1867 764 sane
1883 738 1983 773 partes

301 797 339 817 ex
356 787 441 817 editis
457 787 613 823 Athanasii
628 786 746 824 scriptis
761 786 912 824 decerptas
928 795 1003 823 esse,
1024 796 1082 816 non
1098 789 1160 816 sine
1175 787 1267 816 multo
1283 796 1345 816 meo
1364 787 1463 816 labore
1481 789 1673 826 temporisque
1689 788 1856 826 dispendio,
1879 796 1983 825 coquo-

300 843 345 878 ri,
367 841 524 870 nonnullas
546 842 633 870 etiam
657 850 675 869 a
697 839 916 877 Montsauconio
938 840 971 869 in
987 841 1093 878 priore
1115 841 1264 879 multoque
1286 841 1382 879 maqis
1400 841 1433 869 in
1450 843 1612 878 posteriore
1629 840 1866 879 sraqmentorum
1888 840 1984 870 Atha-

301 895 378 923 nasii
399 894 440 922 aa
463 895 570 923 Lucam
596 893 721 922 editione
742 895 975 931 praeoccupatas
998 893 1072 922 vidi.
1097 893 1295 923 ,Nihilominus
1316 893 1471 922 mediocris
1496 893 1593 923 adhuc
1613 893 1686 923 mihi
1711 896 1742 923 in
1763 894 1897 923 manibus
1921 896 1984 922 erat

296 945 533 984 sraqmentorum
555 954 709 982 numerus,
735 954 809 983 quae
827 946 979 983 pertinere
1001 946 1042 974 ad
1064 946 1250 984 deperditum
1277 938 1431 975 Athanasii
1454 946 1486 975 in
1509 946 1617 975 Lucam
1639 949 1876 975 commentarium
1902 955 1984 975 nemo

302 999 387 1028 credo
403 999 561 1028 dubitabit.
588 1000 720 1036 Namque
738 997 931 1027 Athanasium
946 1007 1048 1028 revera
1064 1007 1153 1036 super
1171 998 1224 1027 hoc
1237 1000 1325 1028 ctiam
1341 999 1493 1037 evanqelio
1508 999 1657 1036 scripsisse
1672 1002 1780 1028 constat
1799 999 1825 1028 l.
1844 1008 1883 1028 ex
1899 999 1985 1027 editis

302 1061 320 1080 a
334 1052 551 1089 Montfauconio
563 1052 718 1090 partibus,
738 1060 810 1089 quas
827 1061 841 1080 e
859 1053 967 1080 catenis
982 1060 1073 1089 aeque
1090 1051 1250 1089 decerpsit,
1271 1060 1397 1089 quarum
1414 1055 1559 1088 7·mci6·t·a;
1576 1052 1744 1081 nullatenus
1760 1051 1867 1081 editori
1879 1051 1985 1080 doetis-

302 1107 373 1133 simo
390 1108 522 1143 suspecta
530 1104 611 1142 fuit,
630 1107 752 1142 propter
768 1105 872 1133 seriem
888 1105 1034 1142 evanqelii
1051 1113 1139 1142 quam
1155 1108 1252 1134 tenent
1265 1107 1447 1143 continuam,
1467 1108 1497 1134 et
1511 1106 1666 1135 verborum
1681 1108 1847 1134 accuratam
1864 1114 1898 1134 ac
1911 1113 1986 1143 pro-

298 1160 377 1195 priis
397 1158 430 1187 in
445 1158 514 1187 iocis
531 1158 786 1196 explanationem,
807 1161 837 1187 et
852 1161 979 1196 propter
995 1158 1057 1187 stili
1076 1158 1316 1195 similitudinem,
1338 1161 1368 1188 et
1385 1159 1457 1197 quia
1472 1159 1598 1197 denique
1614 1161 1645 1188 in
1660 1158 1787 1187 Arianos
1807 1166 1885 1186 more
1902 1157 1986 1186 solito

303 1215 406 1241 auctor
426 1212 586 1241 invehitur.
612 1212 704 1250 Atqui
725 1213 828 1241 omnia
842 1211 912 1240 hacc
933 1211 1134 1241 athanasianii
1153 1212 1267 1249 inqenii
1282 1214 1441 1250 scriptique
1460 1212 1572 1242 indicia
1591 1213 1623 1242 in
1640 1212 1746 1241 nostris
1766 1220 1879 1250 quoque
1895 1209 1986 1248 fraq-

304 1267 408 1295 mentis
427 1274 516 1303 aeque
536 1267 769 1303 conspiciuntur,
793 1267 827 1294 ut
845 1266 949 1302 cuique
971 1265 1079 1302 leqenli
1091 1264 1187 1302 filcile
1203 1266 1370 1295 innotescet.
1396 1265 1428 1295 2.
1444 1265 1547 1295 Balth.
1569 1265 1727 1295 Corderias
1748 1267 1779 1294 in
1801 1273 1855 1293 sua
1871 1263 1913 1292 ad
1927 1263 1988 1292 Lu-

304 1327 366 1347 cam
386 1319 479 1347 latina
498 1326 670 1356 qraecorum
688 1321 812 1356 patrum
827 1321 930 1347 catena
945 1318 1098 1355 complura
1115 1317 1202 1347 habet
1217 1318 1371 1348 Athanasii
1383 1318 1572 1357 sraqmenta,
1593 1328 1668 1357 quae
1686 1321 1716 1347 in
1734 1318 1820 1347 editis
1837 1319 1899 1346 cius
1917 1325 1987 1354 ope-

305 1372 386 1401 ribus
402 1380 421 1400 a
436 1381 466 1400 se
483 1371 598 1410 frustra
613 1373 745 1410 quaesita
759 1370 878 1409 fatetur
884 1382 896 1408 ‚-
914 1373 956 1400 ita
971 1374 1005 1400 ut
1019 1380 1091 1409 pars
1106 1372 1307 1401 commentarii
1321 1374 1382 1402 sine
1395 1372 1484 1402 dubio
1499 1373 1645 1402 credenda
1659 1373 1733 1408 sint,
1753 1370 1989 1409 quandoquidem-

305 1424 376 1453 haec
395 1424 478 1454 haud
493 1425 566 1453 alibi
581 1433 669 1462 quam
689 1426 720 1453 in
737 1427 838 1453 catena
856 1424 898 1453 ad
913 1425 1021 1454 Lucam
1039 1425 1220 1454 scribuntur.
1246 1426 1341 1454 Porro
1362 1426 1506 1455 nonnulla
1524 1426 1607 1464 apud
1623 1434 1674 1455 nos
1689 1434 1792 1463 qraece
1811 1426 1968 1453 occurrunt
1974 1445 1983 1459 ,

305 1487 380 1516 quae
405 1478 563 1507 Corderius
585 1480 645 1507 ‘iam
669 1478 761 1507 latine
778 1478 961 1516 protulerat.
987 1478 1017 1507 3.
1044 1478 1139 1507 Divus
1160 1478 1231 1507 item
1255 1478 1377 1508 Thomas
1399 1479 1524 1517 aquinas
1545 1481 1576 1508 in
1597 1487 1689 1508 aurea
1709 1478 1750 1507 ad
1768 1478 1874 1506 Lucam
1896 1476 1988 1506 latina

304 1535 406 1561 catena
428 1532 590 1569 complures
605 1531 760 1560 Athanasii
784 1532 859 1560 locos
877 1530 1012 1569 profert,
1033 1540 1104 1569 quos
1120 1533 1236 1569 partim
1253 1531 1494 1570 ditiqentissimus
1513 1532 1637 1562 Thomae
1653 1531 1748 1561 editor
1764 1531 1881 1560 Rubeus
1902 1530 1933 1559 in
1949 1529 1989 1558 li-

308 1585 368 1613 bris
389 1585 545 1614 Athanasii
570 1585 655 1613 editis
678 1585 834 1622 comperit,
854 1586 967 1622 partim
993 1587 1093 1613 lernen
1110 1584 1226 1614 nonnisi
1250 1594 1289 1614 ex
1314 1587 1428 1623 qraecis
1450 1587 1559 1615 catenis
1581 1588 1710 1623 sumptos
1725 1584 1853 1622 fatetur.
1880 1584 1991 1620 Reapse

306 1637 410 1667 horum
433 1647 546 1676 quoque
570 1638 698 1667 locorum
720 1638 855 1667 nonnulli
862 1660 871 1674 ,
893 1639 944 1675 qui
966 1637 1048 1675 apud
1065 1638 1091 1667 T
1089 1637 1204 1667 hamam
1227 1638 1312 1667 latini
1333 1641 1416 1676 sunt,
1438 1647 1516 1668 nune
1536 1647 1641 1677 qraece
1656 1638 1738 1676 apud
1758 1646 1809 1666 nos
1826 1639 1985 1674 apparent,

307 1694 342 1719 ut
358 1691 492 1729 propriis
508 1692 540 1720 in
558 1692 627 1720 locis
647 1691 784 1720 dicimus,
808 1691 891 1728 Erqo
907 1690 970 1719 divi
992 1692 1062 1720 item
1081 1692 1106 1719 T
1104 1690 1205 1720 homae
1227 1694 1329 1720 catena
1345 1691 1538 1721 athanasiano
1553 1694 1584 1721 in
1599 1692 1705 1721 Lucam
1727 1690 1930 1720 commentario
1949 1692 1992 1717 te-

307 1745 476 1774 stimonium
491 1745 554 1774 dat.
572 1744 604 1774 4.
624 1745 755 1781 Quartus
769 1744 894 1782 denique
907 1745 1010 1782 scripti
1025 1743 1114 1773 huius
1129 1734 1314 1773 athanasiani
1331 1746 1409 1773 testis
1424 1748 1467 1774 est
1481 1745 1574 1774 codem
1590 1746 1708 1774 Nicetae
1723 1744 1876 1773 vaticanus
1893 1743 1947 1772 161
1960 1744 1987 1778 l,

308 1798 367 1826 sive
390 1806 497 1835 maqna
511 1800 546 1826 ut
561 1799 620 1826 iam
642 1797 710 1826 dioei
732 1797 772 1826 ad
786 1798 893 1826 Lucam
908 1800 1025 1834 catena,
1047 1805 1099 1825 nec
1121 1805 1179 1826 non
1195 1798 1311 1835 partim
1333 1799 1422 1826 etiam
1436 1797 1528 1826 cocleae
1544 1797 1634 1827 ottob.
1654 1800 1716 1826 rat.
1741 1797 1816 1833 100,
1839 1797 1890 1834 qui
1907 1795 1990 1824 ambo

309 1850 418 1879 codices
440 1853 539 1879 nostra
559 1849 630 1879 haec
646 1849 819 1888 fraqmcnta
834 1851 995 1887 continent,
1018 1853 1047 1879 et
1067 1850 1123 1879 illa
1140 1852 1227 1879 etiam
1245 1850 1422 1888 plerumque
1438 1859 1514 1888 quae
1529 1849 1765 1888 Montsauconius
1781 1858 1821 1878 cat
1836 1849 1993 1886 qalticanis

309 1905 417 1933 eatenis
439 1904 601 1941 excerpsit,
622 1912 696 1942 quae
712 1912 763 1933 nos
781 1906 892 1941 tamen,
912 1906 1011 1941 utpote
1027 1903 1089 1932 iam
1111 1903 1206 1940 edita,
1226 1912 1291 1932 cum
1306 1903 1351 1933 his
1367 1905 1473 1932 nostris
1490 1903 1696 1941 permiscenda
1711 1912 1768 1932 non
1782 1902 1988 1931 iudicavimus.

311 1956 417 1994 Utique
440 1959 469 1985 et
489 1958 519 1985 in
543 1959 649 1985 nostris
672 1957 728 1986 loci
752 1957 874 1994 quida-m
895 1956 991 1985 adhuc
1012 1959 1183 1994 supersunt,
1208 1958 1260 1994 qui
1282 1959 1313 1988 in
1335 1957 1403 1986 aliis
1424 1956 1579 1986 Athanasii
1598 1957 1715 1994 scriptis
1736 1958 1824 1985 miaeti
1843 1955 1991 1985 interdum

309 2013 361 2039 aut
383 2010 553 2048 interpolati
573 2014 743 2040 cernuntur.
766 2011 830 2039 Mos
852 2012 928 2039 enim
951 2013 979 2039 ct
995 2010 1153 2039 Athanasii
1166 2009 1245 2048 suit,
1267 2013 1303 2039 ut
1321 2010 1435 2039 iamdiu
1450 2019 1469 2039 a
1485 2009 1701 2048 Montsauconio
1723 2013 1811 2048 atque
1827 2019 1846 2038 a
1862 2019 1907 2039 me
1929 2011 1992 2047 ipso

310 2066 352 2092 est
369 2063 569 2100 observatum,
588 2072 640 2092 nec
654 2073 711 2093 non
730 2064 839 2102 Cyrilti
861 2067 895 2093 ut
917 2063 992 2092 alibi
1007 2063 1110 2100 docui,
1129 2064 1256 2101 itemque
1271 2064 1449 2101 Auqustini,
1473 2066 1504 2092 et
1517 2063 1662 2101 aliorum,
1684 2066 1718 2092 ut
1734 2071 1823 2101 quum
1840 2063 1876 2091 de
1890 2062 1993 2091 iisdem

310 2126 395 2154 saepe
413 2117 461 2146 rel
474 2116 621 2145 similibus
636 2118 815 2154 arqumentis
830 2119 967 2154 aqerent,
989 2118 1049 2145 suis
1066 2116 1214 2146 interdum
1229 2116 1421 2146 abuterentur
1438 2117 1645 2154 locutionibus,
1667 2125 1739 2154 quas
1755 2116 1828 2145 alibi
1844 2118 1904 2144 iam
1916 2124 1990 2153 per-

310 2172 505 2207 scripserunt:
530 2179 617 2207 quam
640 2178 700 2199 rem
725 2170 825 2199 multis
847 2170 1006 2208 ezemplis,
1028 2171 1053 2198 si
1075 2173 1206 2207 racaret,
1224 2169 1320 2208 facile
1341 2169 1531 2199 ostenderem.
1557 2170 1698 2208 Exempli
1719 2178 1797 2199 nunc
1811 2171 1911 2206 qratia
1924 2167 1989 2205 sas-

305 2224 391 2260 ficiat
413 2224 547 2260 letarqici
569 2222 692 2252 hominis
714 2223 869 2260 descriptio
892 2223 974 2260 apud
995 2224 1192 2260 Auqustinum
1215 2225 1339 2261 repetita
1360 2231 1447 2252 serm.
1469 2223 1529 2252 XL.
1547 2225 1577 2251 et
1590 2222 1770 2252 LXXXVII.
1792 2221 1865 2250 Item
1888 2223 1995 2250 intem-

306 2276 460 2312 perantiae
475 2278 504 2303 in
520 2276 630 2305 ieiunio
646 2285 733 2304 serm.
753 2276 875 2306 CCVII.
892 2279 920 2305 et
938 2276 1026 2305 CCX.
1050 2276 1108 2305 Sed
1129 2275 1200 2305 haec
1220 2276 1286 2305 ideo
1304 2279 1417 2305 tantum
1432 2276 1513 2313 dixi,
1535 2278 1637 2313 nequis
1658 2284 1702 2304 me
1725 2275 1845 2303 editoris
1865 2273 1993 2311 offitium

315 2328 386 2356 adeo
404 2329 567 2365 neqlexisse
585 2331 687 2366 putet,
711 2332 743 2358 ut
760 2330 792 2358 in
806 2331 923 2358 (tractore
946 2338 1007 2358 meo
1026 2331 1204 2366 pereqrinns
1221 2338 1280 2358 esse
1295 2329 1448 2358 voluerim.
1475 2329 1520 2357 De
1536 2329 1721 2357 athanasiani
1741 2329 1940 2357 commentarii
1955 2327 1996 2356 ad

316 2380 420 2409 Lucam
434 2380 611 2418 nfraqmcmtis
628 2381 777 2411 hactenus.
796 2382 859 2419 Aqe
875 2391 943 2411 vero
961 2391 1050 2419 quum
1068 2384 1099 2410 in
1116 2385 1236 2419 septimo
1251 2382 1432 2420 Scriptorum
1448 2385 1577 2411 veter-um
1593 2382 1739 2411 volumine
1753 2381 1918 2419 particulas
1934 2380 1994 2409 alz'-

313 2437 383 2471 quot
411 2434 565 2463 Athanasii
591 2435 672 2472 apud
698 2436 884 2464 Anastasium
906 2435 1131 2473 presbyterum,
1160 2436 1290 2473 aliosque
1316 2444 1335 2464 a
1360 2445 1405 2464 me
1432 2437 1585 2474 ¹impressos
1612 2438 1761 2472 auctora,
1789 2437 1989 2470 conservatas,

314 2496 417 2524 (sraeee
439 2490 551 2517 tantum
575 2490 640 2516 ante
663 2487 714 2516 hos
736 2496 825 2517 armos
847 2488 1009 2525 ediderim
1029 2497 1106 2517 nunc
1123 2489 1212 2517 libuit
1233 2497 1280 2517 eas
1296 2488 1348 2517 hoc
1371 2489 1430 2517 loeo
1448 2489 1579 2517 adunare
1597 2497 1654 2517 non
1676 2490 1738 2517 sinc
1756 2488 1994 2525 *interpretatione

316 2540 426 2577 latina,-
447 2540 546 2568 addito
563 2542 650 2569 etiam
665 2542 836 2578 jraymento
853 2541 982 2570 eiusdem
1000 2541 1155 2570 Athanasii
1177 2541 1212 2570 de
1231 2551 1269 2570 ss.
1291 2541 1482 2578 eucharistia,
1503 2541 1582 2579 quod
1603 2541 1685 2579 apud
1701 2541 1811 2570 editum
1826 2542 1895 2569 item
1911 2549 1929 2567 a
1947 2548 1992 2568 me

317 2593 493 2631 Eutychiani
509 2596 610 2622 nactus
625 2602 702 2622 sum.
727 2594 773 2623 Sic
795 2596 894 2631 itaque
912 2594 1068 2623 beatissimi
1086 2596 1184 2632 patris
1199 2596 1326 2632 scripta,
1349 2603 1475 2632 quorum
1489 2603 1613 2632 maanus
1628 2602 1766 2623 numeru-s
1783 2593 1893 2631 periit,
1914 2600 1993 2630 pau-

316 2647 397 2675 latim
417 2655 456 2675 ex
479 2647 573 2676 ruinis
588 2656 622 2675 ac
637 2646 762 2676 tenebris
778 2648 807 2675 in
822 2647 1049 2676 incolmnitatem
1073 2648 1222 2686 lucemque
1240 2647 1374 2677 redeunt.
1399 2648 1438 2677 El
1455 2648 1570 2685 quidem
1588 2656 1626 2677 ca·
1644 2647 1752 2685 Anql‘ia
1775 2646 1910 2684 epistolas
1932 2645 1995 2674 eius

319 2699 449 2736 festales,
475 2702 501 2729 in
527 2702 639 2737 syriaco
662 2700 757 2728 codice
781 2701 924 2736 inventas,
950 2700 1134 2737 cupidissime
1157 2703 1354 2739 expectamus.

2177 150 2191 195 κάν-,Α
2178 110 2189 142 et.
