2239 3317
17 2188 26 2200 ι
37 2190 179 2213 1³r‹w.1x.sa.

932 210 976 237 AI)
1002 213 1179 238 ARMENIOS.

214 289 230 309 τι)
253 284 287 313 61
313 278 537 313 intellectuali
557 275 661 313 oculo
679 279 851 314 rationem
876 279 1035 314 incarna-

216 350 231 368 »
254 338 358 371 tionis
373 336 542 371 subiicere
554 363 561 376 ‚
579 336 666 371 duas
681 337 827 372 dicimus
842 338 955 372 unitas
974 349 1036 371 na-

216 408 232 426 »
256 402 369 434 turas‚
385 407 495 429 unum
509 395 736 430 nihilominus
749 395 923 430 Christum
942 402 976 430 et
996 394 1036 429 fi-

216 466 231 483 »
254 452 341 486 lium
355 464 394 486 ac
408 452 608 492 dominum,
626 453 804 487 hominem
818 452 946 488 factum
957 452 1037 503 ‚ydi-

216 524 231 541 »
255 511 445 556 vinumque
458 510 614 545 Verbum
632 511 863 545 incarnatum.
884 525 900 543 »
917 513 1036 557 Neque

214 574 328 602 tamen
343 567 439 602 aliud
452 568 516 602 hac
528 568 704 602 locutione
716 568 843 602 docere
852 568 1016 603 volumus
1025 595 1033 609 ‚

213 626 277 658 nisi
296 631 467 671 quantum
486 637 504 660 a
523 626 647 671 quinto
667 626 815 660 concilio
830 626 1032 666 didicimus,

212 692 339 729 nempe
370 689 410 717 ut
438 682 589 716 duarum
614 683 792 717 unitarum
823 690 1037 718 tantummo-

212 740 259 775 do
285 747 489 775 naturarum
511 740 769 775 distinctionem
792 741 1033 788 profiteamur.

212 798 324 838 Quam
350 810 425 832 rem
450 798 545 831 idem
571 798 721 843 Cyrillus
749 799 784 832 in
808 810 870 833 sua
894 810 1036 845 quoque.

212 855 256 889 ad
276 855 462 900 Eulogium
479 855 626 900 epistola
643 855 726 890 dicit
743 856 808 902 (l):
826 870 842 888 «
858 857 1037 891 Nestorius

216 926 232 944 1>
255 912 341 946 dum
356 912 443 946 duas
458 914 570 947 carnis
585 925 624 947 ac
637 913 773 948 deitatis
785 913 962 948 distinctas
977 925 1037 949 na-

215 983 231 1002 »
254 976 349 1004 turas
363 969 568 1016 profitetur,
586 977 757 1016 quatenns
772 971 838 1006 alia
856 977 909 1006 est
926 971 1037 1006 divini

215 1042 231 1059 »
254 1027 380 1064 Verbi,
404 1027 469 1061 alia
496 1028 609 1062 carnis
635 1034 776 1068 natura,
800 1028 894 1063 haud
921 1035 1036 1064 tamen

215 1100 231 1117 »
254 1085 438 1120 nobiscum
457 1085 598 1120 illarum
615 1086 782 1120 unionem
800 1086 999 1122 confiteturt
1016 1101 1032 1120 »

210 1144 297 1177 Tum
317 1143 431 1177 adhuc
450 1143 662 1177 enucleatius
681 1142 816 1177 subdit:
835 1157 851 1176 «
868 1156 933 1179 nos
951 1155 1036 1179 vero

215 1217 230 1231 n
255 1213 312 1235 eas
320 1199 531 1235 confitemur
539 1202 664 1239 unitas,
674 1214 782 1236 unum
792 1202 917 1241 filium,
926 1214 1036 1237 unum

216 1274 232 1291 n
255 1259 459 1298 dominum,
487 1271 596 1293 unum
621 1260 816 1298 Christum,
844 1260 893 1293 uti
920 1267 1036 1306 patres

216 1334 231 1350 »
253 1319 364 1353 nostri
382 1318 563 1357 dixerunt,
581 1330 686 1352 unam
700 1314 806 1352 Verbi
822 1319 1036 1354 incarnatam

216 1390 231 1407 ))
255 1383 416 1410 naturam
435 1376 496 1422 (2).
517 1390 532 1407 »
549 1376 658 1421 Igitur
676 1383 772 1410 extra
791 1388 933 1410 omnem
951 1389 1036 1412 con—

212 1434 418 1467 troversiam
437 1439 548 1479 patet,
566 1433 660 1467 haud
679 1432 852 1467 sublatam
870 1433 973 1469 fuisse
991 1435 1036 1469 ab

212 1491 343 1525 unione
361 1491 639 1526 distinctionem:
662 1494 733 1536 quo
754 1490 793 1525 fit
811 1498 850 1525 ut
869 1491 955 1526 duas
973 1504 1036 1527 na-

213 1555 308 1583 turas
333 1548 507 1586 dicamus;
535 1559 642 1582 unam
666 1560 751 1582 vero
775 1548 880 1583 Verbi
906 1550 1033 1591 divini,

212 1607 293 1652 quia
318 1605 441 1640 eadem
465 1606 639 1651 Unigeniti
665 1612 806 1645 natura,
829 1618 945 1641 secum
970 1607 1036 1642 sub

211 1675 273 1697 sua
304 1674 453 1708 persona
485 1664 706 1697 coniunctam
738 1662 843 1698 habet
876 1670 1036 1699 naturam

212 1721 355 1755 humani
378 1722 537 1767 corporis
562 1720 703 1754 animati
725 1728 760 1755 et
778 1721 1033 1758 intellectualis.

289 1779 346 1812 11.
375 1778 484 1812 Multa
503 1778 568 1812 alia
592 1779 657 1812 hac
681 1790 785 1825 super
804 1791 842 1814 re
866 1780 933 1813 diei
954 1792 1038 1826 pos-

213 1843 289 1871 sent
313 1836 357 1870 ad
382 1836 601 1870 orthodoxae
623 1843 761 1870 nostrae
781 1843 815 1871 et
835 1837 1038 1873 immacuta-

214 1901 267 1928 tae
287 1893 369 1927 fidei
389 1893 709 1933 confirmationem,
731 1905 924 1940 eorumque
943 1895 1037 1930 refu-

214 1952 381 1985 tationem
393 1977 401 1990 ,
418 1951 478 1996 qui
497 1950 590 1985 haud
609 1962 694 1984 sano
709 1951 769 1984 sed
784 1953 935 1997 pessimo
954 1964 1038 1987 con·-

214 2009 292 2043 silio
314 2014 485 2042 conantur
505 2007 670 2042 invehere
696 2008 843 2043 schisma
865 2010 901 2042 in
927 2010 1038 2044 eccle-

214 2067 300 2100 siam
321 2067 395 2100 Dei.
425 2067 554 2100 Verum
573 2066 743 2099 sufficiant
764 2077 853 2111 quae
873 2066 1039 2101 hactenus

215 2123 305 2157 dicta
320 2130 418 2162 sunt,
433 2129 473 2157 ut
486 2123 750 2168 multiloquium
763 2124 912 2157 vitemus
922 2150 929 2163 ,
947 2135 965 2158 a
980 2125 1040 2159 Sa-

215 2181 358 2215 lomone
377 2180 492 2214 edocti
511 2181 571 2226 qui
591 2181 637 2214 ait
657 2181 685 2213 't
711 2194 726 2211 «
749 2180 793 2215 da
816 2182 960 2227 sapienti
979 2193 1040 2216 oc-

219 2252 235 2270 »
258 2238 450 2278 casionem,
475 2244 510 2271 et
533 2237 683 2272 addetur
704 2239 735 2272 ei
763 2238 941 2284 sapientia.
968 2252 983 2269 »

297 2354 333 2383 (1)
352 2353 432 2379 T0m.
453 2353 486 2378 V.
508 2356 578 2387 part.
600 2355 625 2379 2.
649 2360 675 2387 p.
700 2356 758 2380 137.

1837 204 1902 238 591

1166 280 1220 313 12.
1248 279 1417 326 Deinceps
1441 288 1527 314 vero
1545 282 1685 325 oportet
1705 284 1741 313 111
1761 279 1805 313 de
1823 291 1909 326 ope-

1088 336 1280 373 rationibus
1294 349 1434 383 quoque
1447 344 1480 372 et
1493 334 1729 372 voluntatibus
1745 337 1908 384 (Christi)

1089 394 1242 428 dicamus
1271 395 1343 441 (3);
1370 395 1524 441 spiritale
1548 396 1713 429 nimirum
1740 395 1910 429 talentum

1089 464 1228 487 mensae
1251 459 1385 487 vestrae
1409 454 1624 499 argentariae
1650 453 1843 493 tradentes,
1872 460 1911 487 nt

1090 516 1209 556 postea
1224 511 1391 545 Dominus
1411 518 1541 545 sortem
1558 523 1655 546 suam
1674 524 1692 546 a
1711 511 1812 547 vobis
1830 523 1911 546 cum

1090 579 1194 602 usura
1221 569 1329 614 possit
1355 569 1527 615 recipere,
1550 580 1665 615 neque
1691 581 1756 603 nos
1774 581 1837 604 ceu
1857 570 1911 616 pi-

1090 636 1191 670 grum
1206 624 1306 659 illum
1322 638 1460 660 servum
1475 627 1697 661 condemnet.
1719 628 1811 660 Duas
1826 638 1912 672 ergo

1090 682 1237 717 dicimus
1255 684 1290 717 in
1305 683 1441 718 Christo
1455 684 1530 718 Iesu
1547 686 1768 730 operationes
1787 683 1910 723 fuisse;

1090 751 1216 786 nempe
1234 741 1349 786 ipsum
1370 748 1405 775 et
1429 753 1498 787 qua
1517 742 1627 776 Deum
1648 747 1681 775 et
1706 752 1774 786 qua
1802 741 1913 775 homi-

1091 810 1171 832 nem
1196 799 1305 844 egisse
1329 798 1577 844 intelligimus:
1605 810 1674 844 qna
1700 799 1829 838 Deum,
1858 810 1913 832 res

1091 855 1244 895 divinas;
1265 867 1334 903 qua
1352 855 1529 890 hominem
1542 882 1550 896 ,
1567 868 1623 890 res
1642 856 1830 895 humanas;
1852 856 1913 889 sed

1090 918 1206 946 tamen
1233 912 1352 948 ambas
1377 915 1597 960 operationes
1620 914 1804 960 perfecisse
1829 925 1914 947 con-

1090 971 1252 1010 iunctim,
1279 982 1351 1005 non
1376 982 1532 1006 seorsum
1558 972 1814 1018 separatimque
1841 970 1910 1017 (702

1091 1034 1193 1073 atque
1211 1029 1257 1063 ita
1276 1028 1374 1063 factis
1399 1041 1435 1063 se
1454 1027 1694 1068 confirmasse,
1716 1028 1912 1062 cuiusmodi

1090 1097 1212 1131 reapse
1229 1092 1321 1125 erat,
1343 1087 1452 1120 Deum
1472 1097 1595 1120 verum
1609 1092 1642 1119 et
1656 1086 1836 1120 hominem
1854 1098 1913 1119 ve-

1090 1154 1188 1182 rum,
1208 1154 1280 1177 non
1299 1144 1412 1189 specie
1432 1149 1544 1177 tenus.
1566 1144 1686 1188 Neque
1707 1141 1808 1177 nobis
1833 1143 1915 1176 licet

1091 1212 1171 1234 cum
1196 1200 1363 1235 Hebraeis
1386 1202 1417 1235 ei
1437 1201 1571 1235 dicere:
1596 1214 1612 1233 «
1632 1202 1715 1246 quia
1742 1208 1779 1235 tu
1804 1201 1914 1235 homo

1094 1272 1110 1291 »
1132 1271 1241 1305 quum
1260 1261 1322 1299 sis,
1342 1259 1426 1294 facis
1445 1267 1478 1294 te
1500 1260 1615 1306 ipsum
1634 1261 1744 1294 Deum
1766 1260 1790 1293 *.
1816 1275 1832 1290 »
1855 1261 1915 1294 Et-

1090 1318 1184 1350 enim
1203 1317 1262 1351 ille
1281 1318 1561 1363 supernaturalia
1582 1329 1642 1351 sua
1662 1317 1915 1352 demonstravit

1091 1374 1209 1408 divina
1226 1385 1332 1420 opera
1344 1401 1352 1414 ‚
1369 1375 1484 1420 aitque
1500 1375 1531 1408 ἐ
1553 1389 1568 1407 «
1586 1376 1613 1409 si
1633 1387 1704 1409 non
1721 1376 1810 1410 facio
1828 1387 1915 1422 ope-

1094 1446 1109 1463 »
1132 1444 1170 1466 ra
1190 1433 1297 1478 patris
1318 1433 1404 1472 mei,
1426 1433 1536 1467 nolite
1561 1434 1724 1473 credere3
1745 1435 1773 1467 si
1798 1441 1914 1468 autem

1094 1503 1110 1521 »
1133 1489 1222 1524 facio
1233 1516 1241 1529 ‚
1257 1496 1290 1523 et
1303 1490 1328 1525 si
1345 1490 1430 1524 mihi
1446 1502 1516 1524 non
1531 1490 1636 1524 vultis
1650 1491 1792 1525 credere
1804 1517 1811 1530 ‚
1830 1503 1915 1537 ope-

1094 1560 1110 1578 »
1133 1546 1230 1580 ribus
1252 1547 1401 1587 credite,
1418 1554 1458 1581 ut
1484 1548 1698 1594 cognoscatis
1715 1553 1748 1582 et
1769 1548 1917 1583 credatis

1094 1618 1110 1635 »
1133 1605 1213 1650 quia
1230 1610 1328 1651 pater
1348 1606 1384 1639 in
1405 1616 1461 1639 me
1480 1612 1548 1644 651,
1566 1612 1599 1640 61
1617 1617 1682 1651 ego
1702 1607 1737 1639 in
1759 1612 1870 1652 patre.
1897 1621 1912 1638 »

1091 1663 1268 1697 Adversus
1293 1669 1409 1697 autem
1435 1663 1627 1697 haereticos
1646 1663 1745 1703 11105,
1767 1665 1827 1710 qui
1853 1676 1916 1710 po-

1091 1726 1162 1754 stea
1189 1721 1232 1754 ad
1252 1719 1548 1755 contemnendum
1570 1722 1816 1756 incarnationis
1840 1734 1917 1768 my-

1091 1779 1235 1812 sterium
1254 1779 1408 1813 exorturi
1427 1785 1545 1818 erant,
1566 1779 1748 1813 veritatem
1767 1780 1796 1813 is
1814 1790 1917 1825 prae-

1092 1837 1257 1875 muniti&
1284 1848 1364 1871 cum
1390 1843 1533 1871 naturae
1558 1848 1656 1877 suae,
1681 1838 1916 1883 quotiescum-

1092 1905 1160 1939 que
1185 1893 1251 1927 sibi
1277 1893 1398 1933 libuit,
1420 1895 1577 1940 permisit
1598 1894 1714 1940 (velut
1740 1896 1786 1929 ait
1810 1896 1915 1929 etiam

1092 1958 1230 1986 sanctus
1260 1953 1389 1997 Nyssae
1415 1953 1598 1999 episcopus
1624 1953 1811 1998 Gregorius
1837 1953 1883 1998 (5)
1904 1953 1914 1998 )

1092 2010 1204 2042 carnis
1229 2009 1306 2043 illas
1332 2009 1543 2044 adfectiones
1562 2010 1729 2055 experiri,
1752 2022 1840 2055 quae
1860 2022 1916 2044 re-

1092 2066 1323 2112 prehensione
1342 2065 1526 2105 carebant,
1550 2079 1613 2101 nec
1632 2079 1703 2101 non
1723 2069 1914 2107 cruciatus:

1092 2131 1130 2157 ut
1148 2125 1274 2158 invicte
1292 2124 1532 2164 confirmaret,
1555 2137 1591 2159 se
1610 2137 1682 2159 esse
1702 2126 1916 2172 primogeni-

1093 2187 1168 2214 tum
1189 2182 1222 2215 in
1242 2181 1360 2215 multis
1378 2180 1561 2221 fratribus,
1577 2182 1748 2228 nobisque
1768 2194 1916 2229 corpore

1095 2249 1133 2272 ae
1152 2239 1318 2284 sanguine
1337 2239 1498 2273 similem.
1528 2240 1617 2274 Hine
1638 2240 1740 2273 etiam
1760 2247 1841 2286 post
1859 2252 1915 2274 rc—

298 2399 333 2428 (2)
352 2396 454 2423 Recole
473 2396 506 2423 (16
524 2396 576 2423 hac
595 2396 697 2423 celebri
715 2397 811 2432 cyrilti
832 2397 972 2425 locutione
990 2405 1060 2432 quae
1080 2397 1200 2424 diximus
1217 2404 1247 2425 n.
1265 2400 1289 2424 6.
1306 2397 1371 2424 adn.
1388 2400 1412 2425 1.
1429 2399 1571 2425 Praeterea
1591 2397 1625 2426 de
1644 2398 1754 2425 concilii
1774 2398 1917 2426 chalcedo-

216 2440 311 2467 nensis
331 2439 472 2472 doctrina⁷
494 2444 520 2467 et
542 2441 680 2467 contrario
700 2448 790 2467 errore
811 2441 899 2468 multa
917 2441 990 2469 bona
1011 2441 1078 2468 dicit
1098 2442 1255 2469 Germanus
1276 2446 1369 2469 noster
1390 2442 1472 2469 etiam
1493 2442 1521 2469 in
1541 2446 1678 2475 tractatu,
1696 2450 1777 2478 quem
1799 2442 1914 2475 videsis⁷

216 2485 249 2512 de
269 2484 427 2511 haeresibus
446 2493 477 2511 ae
496 2485 608 2520 synodis
628 2494 642 2512 a
664 2486 743 2513 nohis
762 2485 836 2513 edito
855 2486 950 2521 Spicil.
968 2495 1037 2513 rom.
1056 2487 1087 2513 T.
1103 2487 1162 2512 VII*

298 2532 334 2561 (3)
354 2529 394 2555 De
413 2528 519 2563 duplici
539 2537 649 2564 quoque
667 2531 826 2565 operatione
846 2535 873 2558 et
892 2531 1033 2557 voluntate
1055 2531 1210 2557 Germanus
1232 2539 1276 2566 op.
1291 2531 1338 2558 cit.
1353 2539 1382 2558 11.
1398 2534 1442 2558 45.

298 2575 333 2606 (4)
354 2574 395 2600 lta
415 2573 442 2599 S.
464 2574 519 2600 Leo
539 2575 591 2600 ΡΙ).
613 2574 641 2600 111
661 2582 787 2601 sermone
809 2575 947 2608 1111566110,
963 2575 1042 2602 cuius
1062 2579 1167 2610 partem
1187 2583 1237 2610 ego
1257 2575 1381 2610 legebam
1400 2576 1430 2602 in
1451 2575 1512 2602 cod.
1527 2579 1579 2602 vat.
1598 2578 1675 2602 1267.
1692 2574 1710 2601 f.
1727 2577 1769 2601 51.
1786 2574 1813 2601 b.
1836 2575 1915 2601 Extat

216 2622 308 2645 autem
327 2626 419 2645 sermo
438 2618 467 2644 in
487 2618 605 2653 append.
624 2627 652 2645 n.
673 2623 696 2645 l.
715 2618 877 2646 ed.'Baller.
899 2621 929 2646 T.
952 2621 971 2646 1.
994 2621 1078 2646 Porro
1098 2619 1145 2647 ubi
1165 2620 1193 2646 in
1213 2619 1256 2647 ed.
1277 2621 1329 2647 eol.
1348 2623 1409 2647 404.
1430 2628 1490 2655 cap.
1511 2624 1552 2647 11.
1575 2620 1690 2654 legitur:
1712 2621 1843 2653 qzcamrz's
1862 2623 1913 2645 etc.

219 2663 304 2689 Verbi
318 2664 346 2689 et
363 2664 461 2689 carnis
475 2670 533 2689 una
550 2670 673 2697 persona
687 2665 737 2696 sil,
754 2665 781 2690 ec
799 2664 921 2698 ult-aque
938 2665 1061 2690 essentia
1081 2672 1241 2691 communes
1257 2664 1365 2691 haheat
1377 2666 1518 2697 actiones,
1535 2663 1737 2698 itztelliqeizcltte
1753 2665 1846 2689 tamen
1861 2667 1914 2690 etc.

216 2707 265 2741 qui
284 2707 386 2734 Leonis
410 2706 487 2734 loeus
511 2706 546 2733 ad
570 2707 691 2733 litteram
716 2708 837 2734 sumitur
860 2716 891 2734 ex
913 2716 995 2734 serm.
1020 2712 1062 2735 13.
1084 2707 1117 2735 de
1143 2716 1214 2743 pass.
1235 2717 1294 2744 cap.
1315 2713 1348 2742 4,
1370 2713 1397 2736 et
1415 2717 1445 2735 ex
1465 2716 1507 2743 ep.
1530 2711 1589 2734 124.
1611 2715 1670 2742 cap.
1692 2710 1724 2740 5,
1745 2711 1772 2734 et
1795 2707 1916 2742 denique

217 2758 248 2777 ex
268 2759 311 2786 ep.
330 2754 390 2778 165.
407 2758 466 2786 cap.
485 2754 516 2784 6·,
536 2755 563 2777 et
583 2755 674 2778 tamen
694 2751 723 2777 in
744 2756 838 2778 nostro
857 2756 910 2778 vat.
933 2751 994 2778 cod.
1016 2752 1123 2786 plenior
1143 2753 1296 2788 meliorque
1315 2753 1416 2787 legitur
1435 2753 1488 2779 sic:
1510 2751 1575 2778 licet
1594 2756 1645 2778 616.
1669 2752 1755 2778 Verbi
1774 2754 1801 2778 et
1820 2753 1916 2777 carnis

216 2803 274 2821 mm
299 2803 423 2830 persona
445 2797 502 2829 sit,
528 2803 608 2828 Qun:
634 2803 914 2823 lxsiernAianm
939 2804 1038 2828 ATQL'E
1064 2804 1205 2824 lmnlvisa
1229 2805 1387 2823 communes
1412 2796 1520 2823 habeat
1542 2798 1687 2829 actiones,
1713 2796 1915 2831 Intelliqendcw

218 2842 312 2866 tamen
333 2843 386 2866 ete.

299 2886 334 2917 45)
354 2885 494 2912 Consonat
513 2892 577 2911 cum
598 2885 722 2920 Nysseno
742 2884 862 2912 Basilius
881 2893 905 2911 v.
923 2893 963 2919 gr.
979 2885 1057 2920 epist.
1074 2888 1139 2918 101,
1161 2886 1262 2921 aliique
1281 2881 1383 2921 passim
1404 2889 1503 2921 patres.

1950 1278 1957 1287 ¹
1975 1275 2022 1296 loti.
2041 1276 2068 1295 Χ.
2085 1278 2118 1295 -Μ,

1951 1393 1960 1402 ''
1975 1390 2024 1412 loti.
2042 1390 2067 1411 x.
2085 1394 2118 1411 15⁵.
