2219 3322
93 276 100 284 ’
120 274 187 294 tte—br.
206 274 263 294 ttlt.
280 276 298 293 3.

142 1021 146 1027 “
165 1018 213 1038 ῐυΙι,
231 1019 256 1038 λ.
276 1021 305 1038 Ιῖ.

106 1481 112 1488 “
131 1479 145 1497 l.
160 1478 219 1497 Pon.
231 1478 267 1497 ΠΙ.
282 1480 311 1497 lv⁴

335 185 404 219 ,3974

335 260 430 298 tulit,
449 265 485 292 nt
501 270 644 303 magnus
659 258 769 302 inquit
784 258 961 302 apostolus
978 259 1002 291 ⁹.
1021 258 1152 293 Idcirco

334 329 441 362 qunm
469 318 559 350 Deus
584 322 671 348 esset
696 314 935 359 impassibilis,
959 326 1028 348 non
1055 326 1153 349 recu-

335 376 419 408 savit
441 374 515 407 lieri
535 372 722 419 passibilis,
745 378 779 405 nt
800 372 891 405 idem
912 379 944 405 ct
964 384 1082 418 passus
1100 385 1154 407 es-

337 438 385 465 set
404 438 437 464 ct
457 442 525 464 non
548 441 683 475 passus:
705 440 825 474 passus
844 440 964 467 carne,
985 441 1089 474 quam
1109 429 1153 463 de

337 496 472 522 sanctae
487 487 627 532 virginis
640 487 802 532 deiparae
816 492 916 520 utero
929 487 1093 532 sumpsit,
1109 487 1154 521 si-

337 547 478 590 mulque
504 551 665 590 expertus
691 544 863 589 quidquid
890 543 1154 589 inculpabilium

338 603 569 636 adfectionum
597 600 701 635 habet
727 607 868 639 natura,
891 613 953 634 ncc
980 614 1049 635 non
1077 613 1155 635 cru-

338 661 445 692 ciatus
463 670 551 703 quos
570 659 738 703 passionis
759 664 916 703 tempore
936 670 953 691 a
973 658 1156 692 crucifixo-

338 715 434 748 ribus
460 715 615 760 pertulit.
643 716 720 749 Non
742 726 860 760 passus
880 721 1012 755 autem,
1037 721 1157 761 quate-

339 785 402 806 nus
429 773 513 806 nihil
541 773 657 806 divina
685 779 806 806 natura
835 772 1047 818 patiebatur,
1071 773 1156 806 (lum

339 831 410 864 cius
436 842 506 864 non
525 832 597 865 sine
616 836 739 876 sponte
765 832 907 876 propria
934 842 1061 876 corpus
1087 831 1158 865 dis-

340 888 569 921 cruciahatur.
590 888 642 922 Sic
662 888 765 921 etiam
780 888 1009 933 corporaliter
1028 888 1159 933 pende-

341 945 399 978 bat
418 947 452 978 iu
472 957 592 984 cruce,
615 946 651 978 in
669 957 774 990 quam
794 956 829 978 se
847 945 990 990 propria
1011 951 1159 990 potesta-

343 1009 375 1036 te
405 1002 624 1041 contulerat,
653 1008 690 1036 ut
720 1003 793 1047 ipse
821 1002 988 1036 Dominus
1019 1002 1105 1035 dixit
1132 1003 1156 1036 '.

342 1059 435 1093 Obiit
455 1071 619 1104 corpore,
642 1070 661 1092 a
680 1065 801 1092 neutra
827 1065 941 1093 tamen
967 1059 1161 1093 humanita-

343 1118 384 1150 tis
410 1117 482 1150 eius
509 1122 606 1162 parte
635 1116 788 1149 discessit
813 1116 923 1149 deitas
940 1142 948 1154 ‚
976 1127 1065 1161 quae
1091 1122 1162 1149 tota

343 1177 453 1208 inerat
479 1175 618 1220 corpori
644 1173 791 1208 exanimi
811 1174 847 1206 in
866 1180 1094 1207 monumento
1113 1174 1163 1207 ia-

344 1232 452 1267 centi.
474 1238 614 1276 totaque
640 1230 740 1265 simul
762 1229 1005 1276 perseverabat
1030 1230 1065 1263 in
1091 1231 1164 1264 eius

345 1290 457 1323 anima
476 1289 517 1322 ad
537 1289 663 1322 inferas
687 1295 799 1322 terrae
818 1294 933 1333 partes
952 1287 1165 1321 descenden-

347 1354 398 1385 te,
422 1346 480 1380 ubi
500 1352 533 1379 et
552 1346 592 1379 iis
617 1346 732 1390 quiin
752 1355 888 1377 carcere
914 1351 1013 1379 erant
1037 1345 1167 1389 spiriti-

347 1404 412 1438 bus
436 1404 578 1437 veniens
604 1401 834 1448 praedicavit,
864 1407 901 1434 ut
926 1400 1167 1446 apostolorum

348 1462 509 1507 princeps
535 1465 651 1493 narrat
679 1459 705 1492 '.

425 1519 480 1550 19.
509 1519 619 1551 Nemo
631 1517 736 1562 igitur
750 1516 951 1550 scandalum
967 1516 1076 1549 nostri
1091 1527 1168 1549 cau-

347 1586 382 1608 sa
407 1575 557 1620 patiatur
569 1600 576 1612 ‚
597 1574 681 1608 dum
701 1574 849 1620 peccatis
868 1575 938 1607 suis
956 1574 1092 1618 quaerit
1109 1585 1169 1607 ex—

348 1633 561 1666 cusationes:
585 1643 697 1678 neque
723 1633 750 1665 is
775 1632 834 1676 qui
861 1632 896 1664 in
921 1637 1063 1677 peccato
1089 1642 1169 1676 per-

349 1691 452 1728 sistit,
470 1689 650 1723 ecclesiam
665 1690 726 1722 Dei
739 1689 930 1734 vituperet,
947 1689 1045 1734 quasi
1062 1699 1101 1722 ea
1116 1688 1170 1721 di·-

349 1748 518 1780 visionem
535 1747 570 1780 in
583 1738 706 1779 Christi
725 1746 890 1791 mysterio
903 1745 1037 1779 doceat.
1060 1747 1170 1779 Nemo

352 1803 538 1839 nonnullas
552 1814 736 1849 perperam
748 1803 943 1847 intelligens
957 1809 1095 1848 patrum
1109 1814 1171 1837 au-

353 1861 547 1897 ctoritates,
576 1860 631 1893 vel
658 1870 715 1893 eas
740 1859 982 1907 distorquens,
1011 1870 1171 1904 perverse

353 1917 483 1962 aliquid
509 1917 674 1950 adversus
693 1917 872 1950 veritatem
893 1915 1095 1950 concludat:
1119 1915 1172 1949 id-

353 1986 420 2019 que
439 1975 478 2007 iis
497 1975 681 2020 praecipue
696 1973 840 2012 dicitur,
858 1974 917 2019 qui
931 1973 1072 2008 beatum
1086 1975 1170 2008 Leo-

355 2044 433 2065 nem
448 2043 632 2065 romanum
647 2032 832 2065 antistitem
847 2032 989 2077 eiusque
1001 2031 1107 2066 verba
1123 2038 1173 2066 te-

355 2101 449 2123 mere
463 2095 495 2123 et
510 2090 625 2134 inique
640 2089 803 2123 scandalo
815 2088 946 2122 habent
958 2089 1018 2134 (l).
1035 2089 1174 2136 Episto-

356 2146 407 2180 lae
418 2147 490 2180 eius
501 2147 694 2180 testimonia
708 2146 871 2191 deinceps
881 2145 1101 2180 recitabimus
1110 2146 1155 2191 (2)
1163 2172 1171 2184 ‚

356 2210 484 2236 rectam
510 2215 632 2237 eorum
657 2209 868 2248 exponentes
890 2203 1112 2240 sententiam,
1137 2208 1175 2235 ut

357 2273 393 2293 ex
402 2261 535 2294 identer
548 2261 826 2295 demonstremus
837 2259 1069 2294 orthodoxam
1084 2260 1174 2294 illius

360 2317 484 2356 iidem,
511 2324 611 2362 atque
639 2324 676 2351 ut
701 2329 760 2352 eos
787 2317 922 2363 pudore
947 2306 1171 2357 adiiciamus,

850 196 878 217 S.
906 196 1050 218 GERMANI
1077 195 1233 218 EPlSTOLA
1258 195 1301 217 AD
1327 195 1504 218 ARMENtos.

1206 260 1264 304 qui
1285 259 1436 293 Leonem
1456 258 1616 292 Nestorio
1643 257 1757 291 favere
1783 263 2021 302 praesumunt.

1207 315 1308 356 Quod
1335 316 1362 348 si
1389 314 1478 348 sorte
1503 326 1566 349 vos
1593 315 1648 360 <in
1668 315 1804 348 Christo
1824 315 1898 348 lesu
1922 314 2023 359 dico)

1208 372 1421 405 contrariu'm
1455 371 1586 417 aliquid
1619 371 1808 405 intellectui
1840 377 1956 405 vestro
1992 372 2026 404 in

1209 436 1329 463 nostro
1348 430 1476 475 scripto
1495 428 1813 475 deprehenderitis,
1836 440 1877 462 ne
1898 437 2028 473 quaeso

1209 488 1243 520 id
1264 486 1456 532 significare
1475 487 1701 525 cunctemini,
1718 485 1889 531 quidquid
1904 497 2028 532 nempe

1210 544 1309 578 vobis
1324 544 1482 583 libuerit,
1501 545 1678 589 magisque
1693 550 1888 578 accuratam
1902 542 2029 577 dubio-

1210 613 1288 635 rum
1299 607 1493 635 vestrorum
1508 601 1718 636 solutionem
1729 600 1909 645 exquirite.
1923 601 2030 633 Nam-

1210 671 1278 704 que
1293 665 1327 692 et
1341 670 1486 704 magnus
1500 659 1706 692 Athanasius
1723 669 1873 702 aequum
1890 669 1963 691 esse
1977 658 2030 690 iu-

1211 717 1355 755 dicavit,
1377 728 1437 750 eos
1462 728 1533 749 non
1559 716 1747 762 repellere,
1768 716 1828 760 qui
1854 714 1950 760 quod
1976 714 2031 748 di·-

1212 780 1314 813 cunt,
1335 780 1431 807 recto
1450 785 1552 807 sensu
1571 773 1757 819 explicant.
1780 774 1833 806 Sic
1847 773 1938 806 enim
1958 772 2032 817 ipse

1213 831 1315 864 docet
1329 831 1364 864 in
1382 842 1442 864 sua
1457 830 1500 864 ad
1514 829 1719 870 Eusebium,
1736 831 1961 864 Lucinianum
1974 855 1982 869 ‚
1999 836 2033 864 et

1214 889 1326 921 socios
1350 888 1396 932 (3)
1421 887 1586 933 epistola:
1612 902 1628 917 «t
1649 899 1713 920 vos
1737 898 1838 932 ergo,
1863 887 1923 932 qui
1949 887 2034 920 haec

1219 959 1234 975 »
1257 945 1374 979 omnia
1400 944 1633 990 profitemini,
1653 955 1697 978 ne
1720 955 1849 989 quaeso
1872 944 1951 977 illos
1974 945 2035 989 qui

1219 1016 1235 1033 »
1257 1001 1379 1035 eadem
1399 1000 1609 1047 profitentur
1635 1001 1823 1039 damnetis;
1846 1001 1906 1035 sed
1930 1012 2035 1035 voca-

1220 1074 1235 1089 »
1258 1058 1341 1093 bula
1367 1057 1411 1092 ab
1436 1058 1504 1092 illis
1531 1057 1686 1092 adhibita
1711 1057 1899 1103 explicate3
1924 1069 2036 1103 neque

1221 1130 1236 1148 >a
1260 1116 1312 1152 his
1338 1115 1599 1150 inconsideratis
1615 1141 1622 1154 ,
1652 1121 1810 1149 auctores
1836 1115 2033 1160 repellatis3

1221 1187 1237 1205 »
1260 1174 1368 1207 immo
1386 1184 1471 1207 vero
1489 1184 1549 1206 eos
1567 1179 1726 1211 exorate,
1747 1173 1856 1216 iisque
1876 1172 2015 1206 suadete
2027 1197 2035 1210 ,

1222 1244 1238 1262 »
1260 1237 1300 1264 ut
1324 1230 1509 1264 conciliare
1535 1230 1721 1263 sententias
1746 1229 1868 1263 velint.
1894 1243 1910 1261 »

1291 1289 1352 1321 20.
1380 1288 1495 1327 Quum
1509 1298 1594 1332 ergo
1608 1287 1828 1332 exploratum
1843 1287 1905 1325 sit,
1921 1297 2040 1319 coram

1222 1343 1404 1377 tremendo
1423 1343 1550 1376 Christi
1569 1343 1750 1382 tribunali,
1767 1342 1826 1376 ubi
1846 1349 1940 1377 actus
1960 1354 2041 1377 nos-

1223 1402 1266 1433 tri
1292 1412 1433 1439 omnes,
1455 1399 1582 1439 verba,
1604 1406 1638 1434 et
1657 1401 1884 1446 cogitationes
1908 1401 2040 1434 iudica-

1222 1456 1371 1496 buntur,
1387 1457 1559 1503 quidquid
1574 1458 1739 1492 hactenus
1754 1456 1972 1491 audientibus
1985 1457 2040 1490 di-

1222 1515 1335 1548 ximus
1360 1514 1537 1560 prolatum
1562 1515 1622 1553 iri,
1648 1514 1727 1548 date
1753 1525 1916 1560 operam,
1935 1525 2040 1548 vene-

1223 1571 1350 1606 rabiles
1368 1573 1520 1611 Fratres,
1538 1578 1577 1606 ut
1593 1573 1772 1606 vinculum
1790 1571 2010 1618 perfectionis
2028 1572 2039 1580 '

1224 1629 1387 1674 pacisque
1412 1629 1634 1663 concordiam
1655 1629 1816 1668 teneatis,
1837 1632 1908 1674 quo
1932 1639 2042 1662 unum

1224 1697 1352 1731 corpus
1370 1698 1442 1720 esse
1461 1687 1598 1732 possitis
1617 1692 1651 1720 et
1671 1698 1760 1720 unus
1778 1686 1939 1731 spiritus,
1957 1687 2044 1720 sicut

1224 1745 1336 1777 vocati
1356 1744 1435 1777 estis
1455 1744 1491 1776 in
1510 1755 1577 1777 una
1597 1755 1657 1789 spe
1680 1744 1869 1777 vocationis
1888 1749 2040 1777 vestrae:

1226 1806 1328 1845 atque
1352 1806 1392 1834 ut
1417 1801 1451 1834 in
1478 1812 1549 1834 uno
1573 1801 1741 1839 Domino,
1765 1812 1834 1834 una
1861 1799 1949 1839 fide,
1973 1812 2044 1834 uno

1225 1856 1398 1903 baptismo
1423 1857 1620 1904 glorificare
1645 1859 1756 1892 Deum
1784 1858 1957 1904 possimus
1982 1868 2044 1903 pa-

1226 1921 1316 1948 trem
1341 1915 1474 1949 domini
1502 1916 1610 1949 nostri
1638 1916 1713 1949 lesu
1737 1914 1880 1953 Christi,
1903 1915 2044 1960 eiusque

1228 1973 1444 2018 unigenitum
1457 1971 1611 2006 Verbum
1621 1998 1628 2011 ‚
1643 1979 1676 2006 et
1690 1978 1846 2006 sanctum
1858 1973 2023 2018 Spiritum
2034 1999 2042 2010 ,

1227 2032 1286 2076 qui
1313 2042 1354 2064 ex
1379 2030 1523 2064 illorum
1547 2030 1736 2065 substantia
1761 2037 1832 2068 estz
1860 2031 1895 2064 in
1921 2030 2045 2064 eodem

1228 2089 1369 2133 inquam
1396 2088 1496 2127 ox'ili,
1519 2088 1553 2122 in
1573 2100 1722 2134 superna
1747 2089 1887 2122 ecclesia
1913 2088 2045 2134 primo-

1228 2146 1425 2190 genitorum
1440 2147 1475 2179 in
1489 2146 1591 2180 caelis
1604 2147 1897 2192 conscriptorum3
1911 2145 1970 2179 ubi
1985 2145 2042 2180 ha—

1228 2201 1340 2236 bitant
1358 2214 1478 2237 omnes
1496 2204 1556 2248 qui
1575 2203 1699 2237 eodem
1719 2203 1882 2238 fruuntur
1900 2203 2045 2237 domino

1229 2267 1350 2294 nostro
1376 2261 1452 2293 lesu
1476 2260 1631 2299 Christo,
1655 2261 1710 2295 cui
1736 2261 1849 2295 honor
1875 2262 1910 2294 in
1936 2266 2046 2294 aeter—

1230 2329 1326 2351 num.
1356 2318 1478 2352 Amen.

441 2498 476 2527 (1)
496 2497 600 2530 Reapse
620 2494 709 2522 adhuc
729 2496 852 2522 Armenii
872 2495 1047 2532 eutychiani,
1068 2495 1095 2523 id
1115 2500 1156 2523 est
1176 2495 1393 2531 monophysismi
1417 2493 1560 2528 adseclae,
1581 2499 1685 2530 cogunt
1702 2494 1796 2522 levitas
1815 2494 1984 2522 ordinandos
2004 2495 2045 2521 iu-

365 2548 421 2567 rare
434 2541 461 2566 in
476 2539 622 2567 formulam
631 2560 638 2572 ,
651 2548 703 2574 qua
718 2539 889 2566 detestantur
902 2540 1051 2566 concilium
1065 2540 1282 2568 chalcedonense
1295 2544 1321 2567 et
1332 2541 1453 2567 Leonem
1473 2548 1629 2567 romanum.
1651 2539 1757 2566 Videsis
1773 2539 1962 2566 Le-Brunium
1975 2539 2045 2573 expl.

363 2585 437 2611 Miss.
458 2585 489 2610 T.
511 2585 560 2610 111⁴
583 2593 608 2619 p.
631 2587 673 2611 16.
695 2584 749 2610 Nec
769 2584 916 2610 immerito.
938 2584 1046 2611 Etenim
1066 2593 1148 2612 nemo
1166 2585 1274 2620 saepius
1294 2588 1342 2611 aut
1361 2583 1478 2611 validius
1496 2585 1589 2611 Leone
1608 2583 1761 2619 Eutychem
1782 2583 1873 2618 arguit
1891 2583 1921 2609 in
1943 2590 2046 2609 sermo-

362 2628 444 2655 nibus
464 2633 546 2663 atque
564 2628 695 2663 epistolis.

444 2676 479 2706 ι2)
498 2674 605 2700 Desunt
623 2681 697 2699 nunc
717 2673 834 2703 (omissa
854 2673 888 2699 ab
907 2673 1140 2705 amanuensibus)
1162 2673 1190 2700 in
1205 2672 1280 2700 calce
1299 2673 1451 2708 praesentis
1467 2672 1599 2708 epistolae
1618 2672 1685 2699 haee
1702 2671 1860 2699 testimonia
1879 2670 1934 2698 sive
1953 2674 2047 2697 aucto-

364 2717 473 2749 ritates,
493 2717 593 2751 quibus
611 2716 765 2751 dogmatica
785 2717 886 2751 scripta
910 2717 1075 2744 communiri
1095 2717 1230 2744 solebant.
1252 2717 1329 2744 Idem
1351 2716 1451 2744 accidit
1473 2717 1604 2751 epistolae
1622 2715 1724 2744 Leonis
1742 2716 1794 2742 PP.
1815 2715 1850 2742 ad
1869 2715 2046 2746 Flavianum,

365 2762 407 2787 cui
427 2761 528 2788 desunt
546 2761 701 2788 testimonia
722 2761 769 2793 (in
790 2760 869 2788 codd.
891 2765 917 2787 et
936 2762 965 2787 in
985 2760 1067 2793 edd.)
1088 2761 1122 2788 ab
1141 2769 1173 2788 eo
1191 2762 1336 2796 promissa.
1359 2762 1426 2788 Item
1446 2760 1547 2788 desunt
1566 2761 1723 2789 testimonia
1742 2761 1772 2787 iu
1790 2760 1844 2787 fine
1863 2759 1977 2787 actionis
1998 2758 2045 2783 lx.

364 2805 471 2832 Leontii
491 2805 525 2833 de
543 2807 639 2838 sectis,
659 2813 730 2840 quae
749 2814 799 2833 nos
818 2810 911 2832 tamen
931 2806 958 2832 in
978 2809 1031 2832 vat.
1053 2805 1145 2833 codice
1164 2815 1253 2841 nuper
1272 2806 1437 2833 invenimus.

446 2852 480 2881 xxa)
500 2850 560 2877 Non
581 2849 704 2877 videbam
727 2850 808 2876 leuius
828 2850 902 2876 tituli
922 2849 1066 2884 epistolam
1086 2850 1158 2877 inter
1176 2850 1248 2878 edita
1269 2849 1413 2877 Athanasii
1431 2849 1542 2885 scripta.

2074 1580 2085 1590 ’
2100 1578 2189 1599 (juloss.

2075 1605 2113 1626 In.
2132 1608 2162 1625 ιιι.
