2239 3317
978 278 1102 301 msam.
1805 260 1873 293 669

202 345 342 370 Romanae
361 338 505 367 cathedrae
523 337 583 364 laus
602 337 632 363 Ρ,
648 344 674 371 p.
688 337 748 361 655.

203 387 294 415 Rufus
312 384 521 412 Thessalonicae
541 383 683 417 episcopus
702 379 736 407 ad
755 386 836 414 quem
855 376 949 405 scribit
963 376 1014 411 Cy-

259 430 338 458 rillus
357 437 383 464 p.
400 431 458 455 105.
931 424 934 433 ’

606 493 623 519 S

207 564 319 591 Sabbati
339 569 436 593 causa,
457 559 642 587 misericordia
663 558 712 584 Dei
731 557 784 583 fuit
803 563 829 590 p.
846 560 903 582 186.

207 608 398 635 Sahbatismus
418 605 559 640 legitimus
578 608 604 630 et
624 603 683 637 pius
697 601 809 635 quinam
826 600 907 628 suerit
919 608 945 636 p.
960 604 1019 627 317.

265 651 298 678 ad
320 654 379 677 320.
401 654 427 676 et
448 651 506 675 329.

211 695 323 721 Sabellii
343 693 463 720 haeresis
482 700 507 725 p.
524 694 565 717 30.
580 690 610 715 P.
625 696 651 722 p.
666 690 724 713 624.
741 691 800 713 640.
815 695 870 723 seq.

212 738 400 765 Sacerdotium
420 735 496 769 regni
515 733 633 759 fulcrum
655 732 682 757 l‘.
699 739 724 765 p.
739 735 799 758 659.

213 783 336 809 Salutem
351 785 489 807 aeternam
503 776 646 809 consequi,
659 775 784 809 quisquis
795 774 925 807 voluerit,
937 778 1025 809 potest

268 834 294 860 p.
315 828 374 852 368.

216 869 365 904 Sanguinis
383 867 412 891 in
431 864 552 890 humano
572 871 682 898 corpore
705 863 911 890 circulationem
931 863 1025 897 cogni-

268 919 325 940 tam
344 909 429 936 fuisse
443 908 559 943 cyrillo,
576 907 704 934 denotare
723 907 849 935 sidentur
869 908 935 934 haec
948 907 1026 934 verba

266 963 293 988 p.
309 957 354 980 233:
369 953 479 988 αἵματος
495 953 602 988 ὀχετούς
617 953 653 982 εἰς
668 953 770 979 ἅπαντα
785 955 829 979 τοῦ
844 954 961 987 σώματος
976 956 1029 978 δια-

267 998 374 1028 ἓεοντκς
393 999 478 1033 με’ληῑ
499 999 646 1031 sanyuinis
667 997 774 1023 rii-ulos
793 997 833 1023 ad
851 998 946 1023 omnia
967 1004 1028 1022 cor-

264 1044 347 1077 poris
368 1042 493 1068 membru
513 1042 705 1067 discurrentes
725 1041 862 1067 membra.
884 1040 942 1067 Nisi
961 1039 1030 1067 forte

270 1088 378 1123 57:²⁷0*ss
394 1085 525 1119 intelligit
539 1093 633 1111 renas,
654 1084 705 1111 Sed
725 1089 816 1111 tamen
829 1088 856 1111 et
867 1083 1030 1111 vocabulum

271 1133 420 1161 διαθέοντας
441 1134 546 1157 motum
565 1138 655 1156 revera
675 1129 821 1163 siguificat.

218 1177 373 1211 Sapientiae
394 1174 550 1202 mundanae
569 1174 676 1200 vanitas
696 1182 721 1207 p.
736 1176 796 1199 249.
811 1176 872 1200 341.
886 1176 947 1200 491.

219 1220 419 1247 Scaudalorum
439 1219 538 1253 duplex
558 1226 644 1253 genus
664 1221 766 1252 1›.359.

221 1264 384 1291 Scianuthes
404 1263 488 1290 abbas
507 1262 648 1297 aegyptius
666 1262 697 1287 T.
714 1269 741 1296 p.
757 1265 818 1288 541.
832 1269 889 1296 seq.

219 1308 376 1336 Scribarum
388 1308 560 1335 iudaicorum
573 1315 661 1333 mores
672 1306 799 1341 graphice
809 1306 928 1340 expressi
937 1314 962 1340 p.
973 1309 1034 1332 405.

222 1354 324 1381 Sensus
343 1354 434 1380 varius
453 1352 579 1379 versiculi
598 1354 641 1378 26.
656 1352 733 1378 Pror.
748 1359 807 1385 cap.
821 1351 896 1377 XVI.
911 1359 937 1385 p.
952 1353 1012 1377 324.

224 1397 403 1433 Septuaginta
427 1397 549 1432 quinque
572 1396 679 1422 animae.
701 1403 763 1422 cum
784 1395 880 1422 Iacobo
899 1395 928 1421 in
947 1397 1037 1430 Aegy-

275 1446 353 1476 ptum
377 1441 517 1475 ingressae
537 1448 563 1475 p.
585 1443 629 1466 53.
648 1438 754 1466 Videsis
778 1439 989 1466 controversiam
1009 1438 1039 1465 iu

278 1486 342 1512 adn.
363 1485 477 1512 ibidem.

224 1531 361 1557 Severiani
379 1530 518 1556 tritheitae
538 1530 567 1555 P.
583 1537 609 1564 p.
624 1531 685 1556 642.

225 1575 321 1601 Simon
333 1574 449 1608 Cleopae
468 1573 573 1605 socius,
588 1581 644 1599 non
656 1572 708 1599 fuit
719 1572 814 1599 Simon
828 1573 939 1605 Petrus,
952 1579 1042 1605 neque

278 1618 375 1644 Simon
394 1625 564 1649 cananaeus,
586 1616 632 1643 sed
652 1617 723 1643 alius
743 1615 895 1651 discipulus
914 1623 941 1650 p.
955 1618 1017 1642 439.

229 1662 350 1688 Simonis
370 1662 442 1695 magi
462 1661 652 1695 praecipitium
671 1661 702 1686 E.
721 1669 746 1694 p.
761 1663 821 1686 524.

228 1706 344 1729 §meio-21
364 1704 438 1730 verbi
457 1704 545 1728 variae
565 1704 758 1737 explicationes
777 1712 804 1738 p.
818 1706 880 1731 419.
896 1703 962 1730 adn.

228 1747 404 1774 Somniorum
423 1745 581 1780 superstitio
602 1754 627 1778 p.
642 1749 704 1772 475.

228 1792 364 1824 Spiritum
377 1795 504 1818 sanetum
516 1789 586 1816 nihil
600 1788 676 1815 aliud
690 1796 747 1814 esse
760 1797 842 1822 quam
856 1789 945 1824 ipsum
958 1791 1048 1817 Deum

281 1841 329 1860 seu
341 1834 466 1868 spiritum
479 1834 544 1865 Dei,
559 1834 595 1859 ita
610 1836 642 1859 ut
655 1831 786 1858 distincta
800 1839 915 1866 persona
929 1842 985 1860 non
997 1834 1048 1872 sit,

282 1876 410 1903 dicebant
428 1877 524 1902 Ariani
544 1880 571 1901 et
590 1875 754 1901 Eunomiani
775 1883 801 1909 p.
816 1879 860 1902 25.

231 1919 350 1953 Spiritus
372 1919 459 1945 sancti
481 1918 613 1944 attributa
637 1918 729 1944 diviua
751 1925 837 1952 aeque
858 1926 890 1944 ac
912 1920 1002 1947 Patris
1025 1926 1052 1948 et

284 1962 348 1988 Filii
367 1969 394 1996 p.
408 1964 451 1987 22.
466 1969 541 1995 seqq.

232 2006 350 2040 Spiritus
369 2005 457 2032 sancti
476 2004 548 2031 dona
569 2004 733 2038 multiplicia
753 2012 780 2038 p.
794 2007 837 2031 72.

234 2050 352 2085 Spiritus
370 2053 481 2076 sanctus
496 2049 579 2075 Deus.
601 2049 642 2074 De
662 2048 713 2074 hoc
728 2056 742 2074 a
756 2056 782 2083 p.
797 2051 840 2075 22.
857 2055 944 2084 usque
958 2048 993 2076 ad
1008 2053 1050 2079 30,

288 2095 356 2121 Item
378 2101 402 2128 p.
418 2096 478 2119 291.
495 2095 555 2118 292.

235 2138 354 2173 Spiritus
372 2141 484 2164 sanetus
502 2137 571 2163 Filio
590 2135 836 2164 consubstantialis
855 2144 882 2171 p.
896 2139 957 2163 272.
973 2140 1034 2164 290.

236 2182 356 2218 Spiritus
375 2186 486 2208 sanctus
500 2180 637 2216 quomodo
652 2180 782 2215 procedat
801 2189 816 2208 a
834 2182 928 2215 Patre,
943 2189 998 2209 non
1014 2185 1055 2209 est

289 2225 477 2262 quaerendum
498 2235 523 2260 p.
540 2229 582 2252 22.
599 2229 643 2252 73.

239 2270 394 2303 Stephanus
414 2270 562 2297 siuniensis
581 2270 614 2296 G.
629 2277 656 2303 p.
671 2272 732 2295 587.
747 2272 808 2296 538.

240 2312 397 2339 Substantia
419 2314 484 2346 (de)
503 2318 530 2341 et
548 2319 646 2340 natura
660 2314 769 2348 copiose
787 2313 888 2341 dicitur
906 2314 936 2340 P.
951 2321 977 2348 p.
992 2316 1054 2340 601.

294 2364 351 2390 seq.

241 2399 389 2433 Superbiae
407 2399 569 2433 vituperatio
589 2409 615 2435 p.
631 2404 691 2428 256.
705 2404 766 2428 281.

241 2443 374 2478 Superbia
394 2444 483 2478 gignit
502 2444 651 2472 haereticos
672 2454 697 2480 p.
719 2449 740 2472 1.

242 2487 455 2522 Superstitiones
474 2487 562 2514 variae
582 2490 612 2514 E.
628 2498 653 2523 p.
668 2493 728 2516 523.
744 2497 800 2524 seq.

242 2532 401 2566 Synagoeae
421 2530 566 2565 repudIum
586 2540 612 2565 p.
629 2535 688 2558 314.
703 2536 763 2559 354.

242 2574 402 2610 Synehytiei
420 2582 469 2601 seu
487 2575 674 2609 Synusiastae,
696 2576 713 2601 i.
728 2584 752 2601 e.
768 2576 947 2609 Confusanei,
966 2576 1058 2603 haere-

297 2618 344 2644 tici
363 2617 543 2644 confutantur
563 2626 589 2652 p.
603 2621 664 2644 445.
681 2627 736 2653 seq.

243 2662 374 2697 Syrorum
388 2662 593 2696 episcoporum,
605 2662 639 2689 ad
652 2670 720 2698 quos
731 2663 826 2690 scribit
837 2664 962 2691 Gelasius
976 2671 1041 2698 papa
1050 2683 1057 2695 ,

297 2706 410 2732 nomina
431 2706 460 2732 P.
476 2714 501 2740 p.
517 2709 577 2732 654.

641 2773 664 2799 T

245 2837 438 2864 'tabennenses
458 2837 585 2864 monachi
605 2846 631 2872 p.
648 2841 710 2865 472.

245 2881 358 2915 Templa
377 2880 553 2908 alexandrina
575 2885 597 2908 1.
615 2890 651 2909 ss.
668 2883 872 2917 Apostolorum.
894 2885 920 2909 2.
937 2883 1060 2918 Evange-

300 2924 424 2951 listarum
444 2933 470 2959 p.
484 2928 545 2951 472.
561 2928 622 2952 474.

1068 330 1240 365 'temporalia
1253 329 1325 357 bona
1340 336 1355 355 a
1369 328 1427 355 Deo
1446 325 1598 362 postulare,
1612 331 1668 351 non
1684 327 1724 350 est
1738 323 1881 358 reprehen-

1121 375 1200 401 sibile
1220 382 1245 408 p.
1260 377 1320 400 265.

1070 417 1232 444 'l‘heodoreti
1246 416 1359 452 epistola
1373 415 1408 442 ad
1420 414 1580 450 Sporacium
1595 411 1714 447 genuina
1728 413 1839 445 apparet
1851 410 1882 436 P.

1124 470 1149 496 p.
1171 464 1231 487 652.

1071 505 1257 532 Theodorctus
1269 509 1296 531 et
1309 504 1370 531 Ihas
1391 503 1490 530 merito
1510 501 1629 528 absoluti
1641 501 1669 527 in
1684 498 1800 526 coneilio
1813 497 1887 525 chal-

1124 548 1271 575 cedonensi
1291 548 1320 574 P.
1337 556 1363 582 p.
1378 550 1437 573 650.
1453 553 1508 580 seq.

1074 592 1209 620 Theodori
1230 592 1415 627 mopsuesteni
1436 589 1554 617 haeresis
1574 590 1603 615 P.
1622 595 1647 623 p.
1662 591 1724 615 607.
1744 589 1806 614 612.
1825 588 1887 612 634.

1127 640 1187 663 6:38.
1706 636 1708 639 ’

1075 680 1220 707 Theodosii
1240 679 1355 707 iunioris
1368 679 1433 713 imp.
1449 675 1607 704 sollicitudo
1627 675 1659 702 de
1678 682 1743 710 paee
1762 672 1891 701 eeclesiae

1130 733 1155 759 p.
1180 728 1236 751 106.

1077 769 1224 803 Theologia
1244 768 1390 795 artificiosa
1411 765 1520 793 vitanda
1540 767 1588 793 Gr.
1603 773 1629 799 p.
1644 768 1704 791 503.
1719 771 1775 798 seq.

1083 814 1234 848 leeolossi«.
1252 812 1416 839 vocabulum
1438 811 1564 845 ponitur,
1583 817 1644 836 cum
1666 808 1699 835 de
1718 809 1775 834 Deo
1795 810 1842 833 aut
1861 805 1894 832 de

1133 859 1267 884 'I'riuitate
1282 858 1389 891 agitur,
1403 857 1564 882 oeconomia
1584 862 1646 880 cum
1664 852 1697 879 de
1709 851 1791 880 Verbi
1805 852 1895 877 incar-

1134 903 1244 928 natione
1263 910 1288 936 p.
1306 904 1331 928 6.
1346 904 1389 927 74.

1081 946 1295 981 'I‘heopasehitae
1314 946 1345 972 P.
1361 953 1386 980 p.
1404 948 1465 972 659.

1082 992 1233 1018 Theotocos
1256 990 1343 1017 Maria
1364 989 1438 1023 virgo
1458 997 1484 1023 p.
1505 991 1565 1021 7›1.,
1585 991 1612 1014 et
1630 990 1687 1013 toto
1707 985 1753 1020 qui
1773 983 1899 1019 sequitur

1139 1038 1254 1061 tractatu
1272 1041 1358 1068 usque
1378 1032 1413 1060 ad
1433 1040 1458 1067 p.
1479 1035 1535 1058 100.

1084 1079 1220 1106 Timothei
1240 1078 1335 1105 Aeluri
1353 1077 1540 1112 fragmentum
1560 1075 1690 1110 epistolae
1710 1082 1735 1108 p.
1749 1076 1810 1099 543.

1085 1123 1222 1150 Timothei
1240 1122 1335 1149 Aeluri
1355 1125 1545 1149 memorantur
1567 1126 1706 1146 sermones
1730 1115 1900 1144 antirrhetici

1139 1168 1170 1193 T.
1186 1175 1211 1201 p.
1229 1170 1291 1193 543.

1088 1211 1239 1243 Timothei,
1252 1210 1322 1236 falso
1338 1209 1462 1243 inseripti
1478 1208 1586 1240 Aeluri,
1600 1215 1630 1234 ex
1650 1206 1758 1240 dialogo
1772 1212 1835 1231 cum
1851 1204 1903 1230 Ca-

1142 1255 1253 1289 lonymo
1266 1253 1452 1288 fragmentum
1465 1254 1496 1278 T.
1514 1260 1539 1286 p.
1556 1254 1616 1277 544.
1636 1251 1688 1276 Hic
1702 1248 1901 1279 calumniatur7

1141 1298 1236 1324 dicens
1255 1297 1388 1333 Cyrillum
1408 1295 1489 1322 modo
1510 1294 1746 1330 monophysitam,
1764 1291 1846 1319 modo
1865 1291 1905 1317 di-

1144 1342 1279 1378 physitam
1298 1348 1441 1376 apparere,
1462 1339 1574 1367 ibidem.
1596 1337 1671 1365 Idem
1693 1338 1821 1364 Severum
1843 1336 1904 1362 lau-

1145 1386 1205 1418 dat,
1226 1385 1338 1412 ibidem.

1092 1431 1176 1458 Tituli
1197 1430 1333 1465 trilinguis
1353 1429 1381 1456 in
1401 1437 1481 1456 cruce
1505 1428 1600 1464 triplex
1624 1434 1719 1454 sensus
1739 1425 1904 1461 allegoricus

1147 1484 1172 1510 p.
1194 1478 1254 1501 435.

1094 1520 1254 1547 'l'imotheus
1267 1520 1387 1546 Aelurus
1405 1527 1489 1546 unam
1503 1517 1603 1545 Christi
1618 1521 1746 1544 naturam
1766 1515 1833 1542 dicit
1851 1522 1909 1542 esse

1148 1564 1275 1591 deitatem
1288 1565 1319 1590 T.
1334 1572 1360 1598 p.
1375 1567 1436 1590 543.
1454 1562 1529 1590 Idem
1546 1561 1706 1589 manifestus
1720 1559 1910 1595 monophysita

1150 1608 1216 1635 ibid.
1237 1612 1264 1635 et
1282 1616 1308 1642 p.
1323 1611 1384 1634 544.

1098 1652 1313 1684 Transfiguratie
1334 1651 1447 1677 Domini
1469 1649 1558 1685 qualis
1578 1649 1660 1676 fuerit
1678 1657 1705 1683 p.
1726 1651 1786 1675 239.
1808 1647 1909 1682 Figura

1152 1699 1261 1722 nostrae
1280 1693 1528 1729 transfigurationis
1547 1694 1576 1719 iu
1595 1691 1793 1720 resurrectione
1804 1689 1912 1717 futurae

1153 1739 1220 1772 suit,
1234 1738 1345 1765 ibidem.

1101 1786 1236 1820 Τραχοτής
1257 1791 1334 1818 asper
1352 1789 1498 1814 nummus,
1514 1785 1546 1807 ut
1564 1780 1671 1807 videtur
1690 1781 1720 1806 E.
1735 1787 1761 1814 p.
1778 1781 1838 1805 509.
1854 1777 1913 1804 Nisi

1156 1828 1224 1854 forte
1244 1828 1329 1854 mavis
1347 1827 1465 1854 scribere
1485 1826 1624 1861 τραχυτνίς.

1104 1872 1225 1898 Trinitas
1238 1871 1329 1898 divina
1343 1871 1443 1906 gradus
1456 1870 1598 1905 diguitatis
1610 1876 1666 1895 nou
1679 1867 1761 1894 habet
1770 1867 1803 1893 G.
1816 1874 1842 1901 p.
1854 1868 1914 1892 558.

1158 1917 1187 1942 P.
1205 1919 1265 1942 [360.

1105 1959 1248 1984 Trinitatis
1266 1966 1394 1992 personas
1407 1962 1500 1985 utrum
1514 1957 1602 1984 dicere
1614 1959 1736 1991 oporteat
1749 1953 1916 1981 substautias

1159 2009 1193 2027 an
1214 2001 1425 2028 insubstantivas
1444 2003 1475 2028 P.
1491 2009 1516 2035 p.
1532 2004 1592 2027 642.
1606 2008 1662 2034 seq.

1107 2045 1249 2072 Trinitatis
1268 2045 1417 2071 summaria
1436 2044 1559 2071 definitio
1579 2053 1604 2078 p.
1620 2047 1662 2070 30.
1679 2046 1721 2069 31.

1107 2089 1223 2124 Trisagii
1242 2089 1280 2116 vis
1299 2089 1451 2123 theologica
1464 2090 1498 2114 A.
1512 2096 1538 2123 p.
1551 2092 1612 2115 575.
1632 2087 1859 2114 Additamentum
1878 2085 1916 2112 vi-

1160 2137 1302 2168 tuperatur
1320 2134 1350 2160 P.
1365 2141 1391 2168 p.
1408 2136 1468 2160 657.
1483 2141 1539 2167 seq.

1108 2177 1263 2211 Trisagium
1283 2177 1313 2204 in
1333 2185 1430 2212 magna
1451 2177 1605 2203 calamitate
1629 2175 1742 2203 caelitus
1763 2174 1867 2202 editum
1886 2175 1915 2201 P.

1162 2229 1187 2256 p.
1208 2224 1269 2247 659.

1499 2287 1524 2313 U

1109 2354 1189 2380 Unus
1209 2355 1315 2385 (Deus)
1333 2353 1501 2389 trionymus,
1514 2353 1588 2380 iuxta
1607 2352 1734 2384 Sabellii,
1750 2351 1875 2385 Photini,
1896 2356 1923 2377 et

1162 2398 1299 2430 Marcelli,
1314 2398 1529 2424 contractionem
1541 2401 1568 2423 et
1580 2396 1767 2423 confusionem
1780 2404 1806 2430 p.
1820 2399 1862 2423 30.
1877 2399 1919 2422 40.

1506 2464 1529 2490 V

1112 2531 1368 2558 Valentinianorum
1389 2530 1507 2558 haeresis
1526 2538 1551 2564 p.
1568 2533 1626 2557 138.

1112 2575 1191 2601 Verbi
1211 2575 1340 2602 divinitas
1359 2579 1385 2601 et
1403 2574 1538 2609 legislatio
1558 2583 1583 2609 p.
1600 2578 1625 2600 6.
1642 2577 1667 2599 7.
1684 2577 1711 2600 et
1729 2573 1842 2608 passim.

1112 2619 1231 2646 Verbum
1256 2623 1414 2651 aeternum,
1439 2623 1535 2653 utpote
1559 2617 1724 2653 principium
1749 2625 1775 2651 p.
1797 2619 1840 2643 55.
1860 2623 1923 2642 cum

1165 2663 1258 2690 adnot.
1280 2663 1326 2691 uhi
1347 2663 1401 2690 loci
1423 2663 1481 2690 Ioh.
1502 2663 1576 2689 VIII.
1597 2665 1640 2688 25.
1661 2665 1689 2688 et
1706 2661 1792 2688 Cicer.
1814 2660 1847 2688 de
1866 2668 1923 2695 rep.

1166 2707 1217 2734 sub
1237 2708 1284 2734 fin.

1114 2751 1232 2778 Verbum
1253 2751 1461 2785 appellationem
1482 2759 1545 2785 prae
1559 2758 1588 2778 se
1601 2750 1665 2777 tulit
1684 2750 1733 2776 filii
1753 2758 1815 2776 cum
1831 2757 1858 2776 se
1873 2749 1925 2776 hu—

1168 2794 1291 2821 manitati
1312 2794 1449 2828 copularit
1467 2802 1493 2828 p.
1509 2797 1552 2820 79.

1115 2838 1234 2864 Verbum
1255 2838 1305 2864 Dei
1325 2846 1373 2864 eur
1392 2838 1473 2864 homo
1493 2837 1549 2864 fieri
1569 2837 1684 2864 voluerit
1703 2845 1728 2871 p.
1745 2839 1788 2863 42.
1804 2843 1860 2870 seq.

1116 2882 1235 2909 Verbum
1258 2890 1312 2909 non
1332 2881 1464 2908 habitavit
1484 2881 1512 2908 in
1531 2881 1642 2908 homine
1661 2880 1709 2908 sed
1724 2880 1805 2907 homo
1824 2879 1926 2906 factum

1167 2930 1207 2952 est
1227 2934 1252 2961 p.
1268 2929 1310 2953 79.
1325 2928 1368 2952 80.
1384 2929 1427 2952 81.
