2219 3322
38 1891 45 1898 ¹
63 1887 90 1907 15.
106 1886 164 1908 mx.
182 1889 213 1907 19.

26 2000 33 2006 ·
51 1999 81 2018 iia
96 1997 147 2018 cod.
165 1997 216 2017 heic

24 2026 47 2046 et
62 2024 130 2046 inira.

1874 183 1940 215 o-'il

339 265 479 296 Timothei
497 263 690 304 patriarchae
716 262 911 293 alexandrini
934 269 1027 290 sermo
1053 260 1174 299 quidam
1200 262 1284 289 exeat
1306 262 1337 289 m
1359 259 1456 289 codice
1479 258 1598 288 arabico
1622 260 1683 287 vat.
1706 256 1875 294 CLXXII„
1904 267 1943 287 eac

251 329 355 359 yraeco
377 321 440 349 sine
461 319 551 348 dubio
572 317 752 354 translacus;
772 318 844 355 quia
863 323 1023 353 numquam
1045 314 1164 343 arabice
1187 313 1352 343 Timotheus
1374 314 1486 342 loeutus
1507 315 1560 342 esi.
1587 311 1701 342 Codicis
1719 310 1945 348 descriptionem

251 383 290 403 ea:
308 374 460 403 Assemani
477 371 589 401 schedis
608 373 755 409 szonptam
777 370 866 399 habes
889 372 920 399 iu
941 371 1038 398 nostro
1062 368 1209 397 volumine
1231 368 1286 396 IV.
1310 367 1419 404 Seript.
1445 369 1502 395 vot.
1520 375 1555 404 p.
1578 364 1660 402 3123
1681 372 1739 393 nou
1761 366 1824 392 sine
1842 364 1946 393 mendo

252 431 348 456 tamen
366 425 530 456 Timotheus
548 425 589 453 ibi
603 425 713 453 dieitur
726 423 903 461 patriarcha
924 421 1141 451 aleoeandrinus
1156 420 1259 449 XXII.
1270 443 1278 457 ⁷
1298 420 1460 449 cuiusmodi
1471 421 1573 458 polius
1587 417 1654 455 suit
1670 417 1837 446 Timotheus
1850 419 1947 446 senior

251 480 447 516 orthodoxus,
468 479 516 507 eui
535 478 671 506 successit
692 476 870 514 Theophilus
888 477 989 513 maqm'
1008 474 1115 512 Cyrilli
1129 476 1270 513 patruus.
1296 473 1361 502 Iam
1379 481 1448 502 vero
1468 481 1558 510 (sicum
1581 474 1610 501 in
1629 471 1684 500 hoe
1698 479 1828 499 sermone
1848 471 1947 500 Timo-

251 533 334 562 theus
356 532 503 570 Cyrillum
521 529 726 569 patriarcham
749 533 901 567 memoret,
927 531 1014 558 immo
1035 537 1064 557 se
1087 527 1195 556 diserte
1219 527 1350 556 Dioscori
1371 535 1562 556 successorem
1584 525 1736 563 adfirmet,
1759 525 1894 562 sequitur
1914 527 1947 552 uc

251 588 275 614 is
296 588 358 616 sine
382 585 472 614 dubio
495 583 659 614 Timotheus
685 584 813 612 Aelurus
833 585 886 620 sic,
914 583 1023 621 impius
1044 581 1098 611 ille
1121 589 1156 610 αι·
1182 581 1384 617 turbulentus,
1408 580 1524 609 concilii
1547 578 1781 608 chalcedonensis
1804 585 1884 614 osor,
1913 580 1946 606 uc

251 641 339 667 etiam
361 639 512 668 inventam
532 639 594 666 eius
614 637 652 666 ab
670 637 776 675 Anqlis
795 637 938 674 scriplum
959 636 1152 671 demonstrat,
1175 634 1228 672 qui
1246 633 1342 662 sedem
1363 633 1593 663 alexanclrimzm
1614 632 1704 661 semel
1726 635 1754 660 ei
1771 632 1879 661 iterum
1898 640 1946 660 oc·

251 693 381 729 captivit.
407 692 493 720 Hune
513 699 566 729 eqo
588 699 746 719 sermonem
768 697 860 728 quum
879 690 982 719 merito
1003 689 1103 726 aliquo
1126 688 1261 717 historico
1282 687 1478 716 commendari·
1500 687 1646 723 viderem,
1671 686 1756 715 uolui
1774 685 1940 723 heyliqere,

246 747 425 783 praesertim
444 746 514 782 quia
531 748 558 773 ei
575 744 650 774 alibi
666 744 789 782 (Spica.
807 753 880 773 rom.
899 745 931 773 T.
950 743 1012 772 III.
1028 751 1063 781 p.
1084 742 1158 772 708.
1166 742 1184 780 )
1201 741 1329 771 eiusdem
1349 740 1492 770 Timothei
1506 740 1724 769 oratiunculam
1740 739 1836 775 edidi,
1857 747 1945 776 quam

248 800 361 835 partim
380 799 496 828 Cosmus
516 807 629 836 quoque
649 797 833 835 inclopleusta
851 806 908 826 non
928 797 1078 835 iudiyuam
1097 798 1234 834 eaccerpto
1249 797 1421 833 palai-erat.
1452 795 1586 823 Ceterum
1601 794 1671 831 quia
1688 792 1830 821 nonnulla
1846 794 1877 820 in
1894 791 1947 821 hoe

251 860 380 880 sermone
399 850 542 889 sabulosa
565 851 776 889 propemodum
803 851 996 887 videbantur,
1025 853 1077 878 aut
1100 849 1277 886 minutiora,
1301 857 1375 886 quae
1402 847 1475 877 mihi
1503 850 1579 876 certe
1599 845 1756 883 festinanti
1782 844 1946 874 iniucunda

252 909 352 942 erant,
370 908 473 943 partes
494 907 556 934 eius
579 905 734 934 ›eommllas
759 905 817 934 levi
839 907 873 934 ut
899 913 967 933 reor
987 903 1139 941 dispendio
1156 903 1357 941 praetermisi.

639 1013 1006 1056 TIMOTHEI
1051 1011 1558 1055 ALEXANDRINI

991 1115 1202 1146 SERMO.

267 1210 289 1226 Ἴ

250 1217 397 1281 bermo
416 1246 530 1282 brevis
547 1260 651 1294 quem
671 1248 755 1282 dixit
773 1248 971 1282 Timotheus
988 1247 1070 1282 Ale-

250 1303 414 1338 xandriae
428 1306 620 1350 patriarcha
632 1332 639 1344 ‚
656 1306 700 1339 de
715 1311 873 1351 tempore
887 1316 959 1351 quo
971 1316 1069 1351 mag·

251 1372 334 1394 num
353 1361 521 1396 indictum
536 1362 599 1396 fuit
617 1369 773 1397 sanctum
787 1362 990 1402 concilium,
1007 1362 1070 1397 de·-

249 1430 317 1463 que
343 1419 561 1454 dedicatione.
591 1421 706 1466 magni
735 1420 934 1455 monasterii
961 1421 1069 1454 sancti

251 1477 358 1510 nostri
372 1478 479 1522 patris
494 1478 666 1512 Pachomii
681 1479 774 1524 apud
788 1480 858 1512 Fau
872 1505 879 1517 ‚
898 1477 993 1523 quod
1007 1478 1068 1511 Dei

248 1534 446 1574 voluntate,
466 1541 498 1568 et
517 1535 712 1569 Theodosio
737 1537 947 1581 imperatore
970 1546 1069 1568 man-

249 1590 353 1625 dante
369 1591 588 1626 aedificatum
606 1592 670 1626 fuit
684 1603 703 1626 a
718 1591 912 1626 reverendo
925 1593 1069 1626 Poctore

249 1649 471 1683 eremitarum
490 1649 667 1695 praesule;
687 1661 776 1695 quae
797 1649 971 1684 dedicatio
990 1661 1070 1695 per-

249 1712 320 1740 acta
348 1705 411 1740 fuit
437 1706 493 1741 die
519 1708 638 1752 quinta
664 1707 791 1741 mensis
817 1707 930 1752 athyr.

321 1763 434 1798 Hodie
444 1763 545 1798 nohis
559 1763 677 1798 adesto
689 1790 697 1803 ‚
708 1775 730 1798 o
742 1764 996 1810 prophetarum
1008 1776 1068 1798 vo-

249 1819 417 1854 calissime
429 1847 436 1860 ‚
458 1826 492 1854 et
511 1821 778 1867 seraphinorum
797 1828 987 1868 spectator,
1008 1823 1069 1867 qui

249 1877 334 1911 olim
360 1878 512 1912 clamasti
537 1878 655 1913 dicens
682 1880 713 1912 ἐ
739 1893 754 1910 «
777 1880 811 1912 in
838 1879 894 1913 die
920 1879 978 1913 illa
1004 1880 1069 1913 erit

251 1935 357 1968 altare
377 1936 513 1969 Domini
534 1938 569 1969 in
586 1936 704 1970 medio
723 1943 834 1970 terrae
853 1938 1017 1982 Aegypti,
1035 1944 1068 1971 et

250 1992 367 2038 planta
393 1993 404 2002 “
431 1993 569 2026 Domini
595 1993 687 2026 iuxta
717 1995 905 2027 terminum
930 1996 1015 2027 eius.
1049 2009 1064 2025 »

250 2052 352 2084 Recte
371 2061 532 2096 prorsus,
552 2061 574 2084 o
592 2050 763 2096 propheta
781 2057 914 2090 sancte,
932 2052 1069 2085 univer-

249 2120 287 2142 so
306 2108 383 2142 orbi
401 2109 568 2142 nunciasti
587 2108 693 2142 altare
711 2108 778 2142 hoc
791 2109 946 2146 Domini,
965 2120 1067 2154 supra

247 2166 343 2212 quod
369 2167 503 2200 animae
529 2165 686 2200 nondum
707 2171 780 2198 tum
807 2172 938 2200 creatae
965 2166 1069 2200 attol-

248 2223 369 2258 lendae
387 2230 485 2258 erant
505 2230 607 2269 atque
626 2222 837 2257 offerendae.
868 2223 937 2257 Cur
955 2230 992 2257 tu
1012 2235 1067 2257 ce-

249 2288 317 2314 tera
329 2307 336 2318 ,
349 2292 438 2327 quae
453 2281 574 2327 primis
587 2280 707 2314 mundi
721 2280 864 2314 saeculis
878 2280 997 2314 altaria
1011 2292 1067 2314 ex-

248 2340 410 2376 titerunt,
435 2349 504 2372 non
525 2338 749 2371 memorasti?
775 2338 933 2376 Minime,
957 2339 1069 2383 inquit

250 2395 440 2442 propheta,
459 2396 539 2440 quia
559 2396 594 2429 in
614 2394 682 2428 illis
701 2394 802 2428 bruta
824 2394 984 2429 animalia
1003 2396 1068 2428 im-

249 2451 495 2492 molabantur3
524 2457 761 2485 verumtamen
788 2453 823 2485 in
850 2452 917 2486 hoc
946 2459 1067 2486 nostro

246 2520 351 2543 *verus
370 2510 430 2542 Dei
452 2520 560 2554 agnus
578 2509 741 2548 offertur,
764 2511 823 2555 qui
849 2510 970 2543 mundi
991 2521 1067 2555 pec-

248 2574 321 2601 cata
347 2567 450 2601 tollit.
480 2567 597 2601 Planta
618 2574 730 2601 autem
749 2574 799 2601 est
819 2568 1067 2601 monasterium

248 2626 314 2660 hoc
329 2626 479 2669 Domino
494 2624 710 2659 aedificatum
720 2651 728 2661 ,
743 2632 885 2671 propter
899 2625 1067 2659 famulum

247 2684 321 2717 eius
340 2683 561 2717 Pachomium
575 2709 583 2721 ,
603 2683 662 2728 qui
689 2682 736 2716 ibi
756 2683 868 2719 adest,
892 2689 994 2727 atque
1014 2683 1067 2716 in-

248 2739 518 2775 numerabilium
547 2739 737 2773 dicatarum
769 2740 842 2773 Deo
873 2740 1066 2773 animarum

248 2797 385 2831 turbam
415 2797 546 2831 ibidem
577 2796 656 2831 facit
686 2798 885 2831 consistere.
915 2798 946 2830 Is
974 2798 1066 2831 enim

247 2857 380 2901 primus
390 2881 398 2895 ‚
412 2856 505 2890 iuxta
518 2854 757 2901 apostolorum
767 2854 962 2888 doctrinam
974 2865 1068 2888 com-

1123 1248 1239 1281 munis
1258 1247 1346 1280 vitae
1366 1257 1491 1291 genuS‚
1512 1255 1571 1278 seu
1591 1242 1876 1279 contubernium,
1893 1241 1944 1274 in-

1123 1306 1250 1347 stituit;
1271 1305 1403 1350 primus
1428 1304 1518 1349 ipse,
1543 1302 1659 1348 planta
1687 1300 1771 1339 fuit,
1791 1299 1865 1337 via,
1889 1309 1945 1331 re-

1122 1368 1197 1397 ctor
1207 1389 1214 1402 ‚
1229 1374 1267 1396 ac
1277 1362 1456 1408 legislator
1466 1360 1758 1394 monasteriorum
1770 1361 1945 1402 quotquot

1122 1421 1157 1453 in
1171 1418 1258 1454 orbe
1271 1425 1363 1453 sunt.
1384 1420 1470 1452 Nam
1484 1417 1580 1463 quod
1595 1415 1742 1451 verbum
1759 1415 1845 1448 dixit
1860 1424 1945 1460 pro-

1122 1476 1245 1522 phetae
1263 1477 1354 1509 Deus
1372 1475 1416 1509 de
1436 1475 1502 1509 hoc
1521 1474 1749 1511 monasterio,
1771 1471 1863 1505 idem
1884 1481 1943 1516 pa-

1123 1534 1166 1567 tri
1193 1539 1314 1567 nostro
1339 1539 1458 1567 sancto
1484 1531 1669 1565 Pachomio
1695 1530 1829 1563 dictum
1854 1528 1941 1567 suit,

1122 1602 1247 1636 nempe
1261 1589 1323 1624 tibi
1340 1589 1605 1623 fundamentum
1621 1587 1714 1626 fore,
1733 1592 1766 1620 et
1781 1587 1854 1620 sine
1874 1584 1943 1619 fine

1123 1659 1249 1682 nomen
1275 1648 1481 1693 gloriosum.

1195 1707 1294 1739 Nunc
1311 1717 1385 1738 rem
1405 1704 1520 1738 audite
1532 1729 1539 1740 ,
1558 1703 1741 1740 carissimi,
1757 1713 1862 1747 quam
1878 1712 1943 1746 ego

1122 1763 1232 1798 oculis
1261 1763 1332 1797 vidi
1362 1769 1394 1797 et
1425 1761 1584 1796 manibus
1615 1760 1836 1794 contrectavi.
1865 1759 1944 1799 Quo

1123 1827 1282 1867 tempore
1307 1827 1404 1867 pater
1429 1831 1526 1853 meus
1548 1818 1697 1864 Cyrillus
1716 1815 1944 1850 Alexandriae

1123 1879 1315 1924 patriarcha
1329 1884 1419 1915 erat,
1437 1883 1574 1911 sanctus
1593 1882 1707 1910 autem
1723 1876 1847 1908 Poctor
1866 1885 1943 1907 ere—

1123 1937 1222 1970 mitas
1252 1936 1343 1982 apud
1369 1935 1577 1981 Taphnaiam
1610 1933 1770 1978 regebat,
1799 1931 1942 1965 illustris

1122 1993 1273 2038 denique
1297 1994 1468 2038 propheta
1491 1992 1689 2025 Scianuthes
1714 1990 1866 2024 eremitis
1884 2000 1942 2023 ae—

1122 2062 1190 2096 que
1208 2052 1243 2084 in
1262 2049 1405 2084 Athriba
1424 2055 1542 2083 monte
1561 2054 1734 2094 praeerat;
1752 2047 1943 2092 imperator

1121 2107 1333 2141 Theodosius
1349 2133 1357 2145 ‚
1390 2107 1455 2141 hos
1487 2107 1530 2140 ad
1563 2106 1746 2140 concilium
1778 2105 1912 2138 vocavit
1929 2131 1937 2143 ‚

1122 2164 1216 2210 quod
1248 2165 1355 2198 insani
1386 2165 1531 2198 Nestorii
1562 2174 1662 2197 causa
1693 2162 1940 2196 celebrandum

1123 2221 1277 2256 curabat.
1302 2223 1371 2255 lam
1390 2223 1513 2255 Poctor
1532 2222 1644 2259 lectis,
1660 2232 1746 2266 quas
1765 2226 1940 2265 acceperat

1123 2291 1141 2313 a
1167 2286 1285 2314 sancto
1304 2279 1434 2325 (2314110
1453 2286 1483 2313 et
1505 2279 1548 2312 ab
1569 2280 1796 2324 Imperatore,
1817 2277 1941 2311 litteris

1123 2348 1334 2382 magnopere
1366 2336 1501 2373 doluit,
1529 2337 1609 2382 quia
1636 2342 1714 2369 ante
1739 2336 1774 2369 id
1804 2342 1940 2381 tempus

1124 2394 1209 2428 nulli
1229 2395 1302 2440 ipse
1320 2394 1467 2428 concilio
1485 2393 1700 2427 interfuerat.
1722 2393 1860 2426 Cunctis
1878 2394 1939 2426 ita—

1121 2463 1190 2496 que
1215 2452 1411 2485 convocatis
1437 2450 1601 2484 fratribus
1626 2452 1686 2484 ait:
1710 2451 1844 2489 audite,
1870 2450 1939 2483 fra-

1123 2515 1191 2542 tres
1210 2510 1276 2543 mei
1295 2508 1484 2543 benedicti:
1502 2515 1601 2542 vocat
1615 2520 1669 2542 ine
1688 2508 1731 2541 ad
1751 2508 1938 2541 concilium

1122 2566 1333 2611 Imperator:
1354 2578 1416 2600 vos
1442 2567 1577 2600 interim
1605 2566 1797 2599 institutum
1823 2577 1939 2600 serva-

1124 2630 1173 2661 te,
1191 2625 1225 2658 in
1245 2624 1320 2670 lege
1339 2636 1378 2658 ae
1397 2624 1567 2658 mandatis
1586 2623 1722 2657 Domini
1743 2621 1933 2660 ambulate,

1122 2688 1225 2727 prout
1241 2688 1354 2727 patres
1368 2682 1477 2716 nostri
1490 2682 1661 2714 iusserunt
1672 2692 1680 2717 ;
1693 2686 1727 2713 et
1739 2691 1859 2725 preces
1872 2692 1937 2726 pro

1121 2738 1222 2773 nobis
1240 2739 1391 2777 fundite,
1410 2746 1447 2773 ut
1467 2750 1528 2772 nos
1545 2739 1638 2771 Deus
1663 2738 1818 2771 restituat
1836 2738 1936 2773 vobis

1119 2795 1309 2830 incolumes
1335 2803 1399 2830 etc.

1191 2854 1305 2895 Quum
1324 2865 1408 2888 vero
1427 2853 1470 2888 ad
1490 2854 1596 2899 patris
1610 2855 1718 2888 nostri
1733 2853 1940 2887 Scianuihae-
