2219 3322
22 807 33 815 ⁸·
45 803 120 825 §latta
127 819 132 824 .

11 831 90 853 XXIII.
109 834 142 852 ιυ.

604 216 644 237 Ex
672 215 776 238 Liuius
801 214 926 237 CONTRA
953 214 1122 237 DionORL'M
1149 216 1187 238 ET
1213 215 1426 238 TIIEODORUM.

175 280 309 313 Nemini
329 280 411 313 item
431 280 565 326 opinari
582 279 678 320 licet,
695 278 848 314 Verbum
865 279 996 325 templo

175 348 238 370 suo
249 343 368 370 sancto
380 337 487 370 instar
500 338 633 370 animae
647 337 908 382 intellectusque
920 336 997 370 fuis-

175 404 223 427 se.
253 394 371 438 Neque
392 400 567 439 postremo
587 393 705 430 illum.
726 395 785 439 qui
805 393 848 427 de
867 395 997 427 semine

175 457 243 489 est,
260 462 321 496 per
335 462 370 484 se
384 450 499 484 solum
514 451 691 497 appellare
706 451 817 485 filium
830 451 993 484 solemus.

177 541 295 574 XXVI.
322 542 474 573 Sanetus
497 540 649 586 Cyrilllts
676 539 710 572 in
731 540 883 573 seeundo
909 540 998 574 libro

250 597 417 630 ade-ersus
446 597 661 631 Theodorum
677 625 684 634 ,
711 597 774 643 qul
799 597 942 644 incipit:
973 597 1002 631 ii

251 654 314 700 qui
337 666 479 688 sclerum
498 667 591 701 puro
618 654 815 688 [mellei-ms
836 655 935 688 oculo
955 655 999 688 li-

252 712 352 745 brum
373 712 526 746 scrutati
543 721 624 745 sam
645 712 706 758 (I).

251 796 434 842 Discipulis
445 795 557 829 aiebat
578 796 606 828 ²:
633 809 648 826 «
671 796 844 830 neminem
859 796 893 829 in
909 801 999 830 terra

182 868 197 885 »
219 855 421 899 magistrum
436 853 634 899 appelletis;
651 866 740 888 unus
759 861 808 887 est
828 855 919 887 enim
935 853 998 887 do-

181 925 197 943 »
220 917 295 945 ctor
310 917 422 945 vester
437 911 604 945 Christus.
626 925 640 942 »
659 912 749 945 Dum
763 913 807 945 ita
824 911 999 956 apostolos

179 968 402 1007 hortabatur,
423 968 516 1003 haud
539 975 630 1003 certe
654 969 816 1002 deitatem
836 980 853 1002 a
873 967 998 1002 risibili

177 1037 326 1072 corpore
344 1026 543 1072 separabat;
560 1038 673 1072 neque
688 1028 759 1072 ipse
774 1026 928 1060 Christus
947 1038 999 1060 se—

178 1089 250 1117 met
269 1081 312 1117 ab
327 1084 440 1117 anima
459 1090 491 1117 et
511 1095 613 1117 carne
631 1083 780 1117 divisum
798 1081 994 1129 reputabat.

179 1142 232 1175 Sic
251 1152 335 1186 ergo
349 1153 457 1186 quum
473 1142 563 1175 Deus
577 1147 664 1175 esset
680 1147 713 1174 et
731 1141 856 1180 homo,
872 1152 999 1186 nempe

178 1198 304 1232 visibili
331 1198 440 1232 forma
469 1210 604 1235 servus,
627 1198 849 1232 intellectuali
876 1198 998 1231 notitia

177 1255 359 1293 dominus,
380 1257 516 1290 deitatis
534 1256 764 1290 excelsitatem
790 1255 854 1289 sub
874 1256 999 1289 humili

180 1313 401 1348 humanitatis
420 1326 520 1348 sensu
539 1313 692 1347 celabat:
713 1314 930 1358 vicissimque
948 1313 1000 1345 vi-

179 1370 289 1404 sibilis
305 1372 463 1417 corporis
483 1371 712 1404 humilitatem
723 1396 731 1410 ‚
748 1370 935 1404 divinitatis
950 1369 1000 1403 ef-

182 1427 297 1462 acacia
323 1427 524 1463 extollebat.

322 1507 465 1536 Iohannis
486 1509 673 1536 caesariensis
694 1506 855 1535 adnotatio.

252 1578 345 1607 Locus
361 1580 570 1615 suprascriptus
587 1587 603 1606 a
617 1578 726 1615 Cyrillo
743 1582 843 1606 eontra
857 1577 1000 1606 Theodori

180 1626 340 1655 doctrinam
360 1627 531 1663 productus,
548 1631 693 1655 auctorem
709 1626 795 1654 habet
809 1626 1000 1662 Theophilum

182 1674 401 1703 alexandrinum
423 1675 599 1712 episcopum.

251 1724 376 1761 Cyrillus
392 1726 419 1752 in
443 1725 499 1753 alia
513 1725 656 1752 sententia
677 1724 805 1752 eiusdem
821 1723 886 1751 libri
901 1727 1001 1752 contra

181 1772 324 1801 Theodori
338 1774 515 1810 docti-inamz,
529 1782 602 1810 quae
616 1774 756 1810 particula
771 1777 850 1801 extat
865 1775 893 1800 in
908 1775 1001 1809 prima

183 1821 218 1848 ad
234 1822 401 1850 Cledonium
417 1823 536 1859 epistola
555 1823 686 1859 Gregorii
704 1824 868 1850 nazianzeni
886 1822 922 1850 ad
942 1822 1001 1850 Cle-

184 1868 311 1897 donium.
329 1870 664 1907 Incipitjiwnmntum:
677 1880 712 1899 ne
726 1871 855 1898 homines
870 1872 915 1899 isti
930 1871 1001 1899 alios

184 1916 338 1953 decipiant.
360 1919 493 1946 Desinit:
508 1923 584 1947 totus
599 1920 684 1947 homo
699 1921 727 1947 in
743 1924 891 1955 peccatum
904 1920 1002 1956 lapsus

184 1965 350 2002 retingatur.

220 2038 361 2070 XXVII.
377 2038 396 2070 Ι
399 2037 477 2070 clem
499 2038 648 2083 Cyri'llus
668 2038 703 2070 in
721 2038 841 2071 eodem
861 2038 964 2072 libro.

256 2118 369 2157 Quum
392 2117 587 2161 unigenitus
613 2128 648 2150 se
674 2118 922 2156 incarnax‘erit,
942 2119 1002 2163 qui

184 2176 253 2209 vita
279 2182 398 2221 suapte
418 2181 539 2208 natura
559 2181 625 2212 est,
646 2186 797 2220 regressa
820 2181 869 2208 est
888 2175 931 2208 ad
952 2176 1003 2208 vi-

185 2239 254 2266 tam
275 2239 393 2266 natura
415 2233 577 2266 hominis.
608 2233 682 2277 Ipse
703 2244 787 2266 vero
806 2239 910 2278 eaput
927 2244 1003 2266 om-

185 2291 281 2323 nium
307 2297 355 2324 est
371 2316 378 2328 ,
406 2290 556 2335 ideoque
581 2289 757 2323 vivificans
783 2290 870 2323 illud
897 2291 1003 2336 patris

185 2347 340 2381 Verbum
374 2359 512 2382 carnem
548 2347 612 2381 sibi
649 2348 826 2393 propriam
861 2347 1003 2382 adscivit

186 2406 322 2450 quaein
338 2406 458 2438 mortis
476 2406 647 2450 mancipio
661 2412 750 2444 erat,
767 2411 804 2438 ut
823 2405 908 2438 dum
927 2416 1002 2439 eam

186 2463 289 2495 morti
304 2462 590 2507 corruptelaeque
604 2462 817 2508 superiorem
832 2462 980 2496 efficeret
992 2490 999 2502 ,

186 2520 278 2553 idem
296 2519 398 2553 nobis
415 2519 547 2553 donum
567 2520 815 2565 impertiretur.
833 2521 945 2566 Atque
964 2528 1002 2554 ut

184 2581 219 2612 in
245 2579 366 2612 mortis
386 2584 589 2624 potestatem
609 2578 731 2612 Adami
755 2591 854 2613 causa
881 2579 1003 2613 incidi-

185 2648 278 2673 mus.
294 2638 338 2670 ita
359 2648 420 2681 per
434 2636 606 2670 Christum
626 2648 643 2669 a
665 2637 785 2670 mortis
803 2638 941 2671 saevitia
961 2637 1004 2670 li-

185 2694 295 2728 berati
305 2721 312 2733 ‚
324 2694 439 2728 denuo
452 2694 624 2727 tendimus
635 2694 677 2727 ad
692 2694 1000 2728 immortalitatem.

1796 202 1863 235 taz}

1050 281 1200 313 XXVIII.
1232 280 1328 313 Idem
1362 279 1514 326 Cvrt‘llus
1545 278 1581 311 in
1612 277 1715 311 tertio
1744 287 1868 311 comm

1128 336 1340 370 'l'lteodorum
1357 335 1592 383 a«llopsaestiae
1609 335 1807 382 episcopam
1827 336 1871 368 li-

1124 394 1202 430 bro,
1221 394 1283 440 qui
1296 394 1438 441 incipit:
1453 403 1572 427 nostra
1587 393 1749 438 forsiltsn
1765 392 1871 425 rerba

1125 452 1217 484 dura
1243 461 1337 485 sunl.

1124 567 1213 600 Audi
1225 579 1287 601 nos
1299 568 1412 612 itaque
1425 573 1526 612 atque
1536 567 1702 613 intellige,
1715 579 1735 600 ο
1748 567 1869 606 homo,

1052 625 1205 670 mysterii
1226 624 1497 670 profunditatem
1510 651 1518 663 ,
1538 625 1633 670 quod
1654 636 1731 658 cum
1758 636 1870 658 sacro-

1053 693 1130 715 rum
1157 681 1329 715 librorum
1356 681 1564 715 orthodoxia
1586 693 1762 727 scopoque
1790 694 1873 715 con-

1053 739 1165 772 sentit.
1195 739 1308 772 Deitas
1327 751 1344 773 a
1365 750 1487 778 carne,
1508 739 1542 772 id
1570 745 1617 772 est
1645 739 1795 772 humana
1816 750 1872 772 na-

1054 802 1129 829 tura
1140 822 1147 833 ‚
1165 795 1279 829 differt
1294 796 1483 830 secundum
1498 797 1677 841 utriusque
1694 797 1872 841 propriam

1053 855 1235 887 rationem.
1248 855 1349 888 Secus
1360 854 1538 899 quomodo
1553 853 1653 887 nobis
1667 854 1788 887 similis
1801 866 1834 887 ex
1844 866 1872 888 a·

1053 912 1166 949 sisset,
1188 911 1471 957 quandoquidem
1491 912 1550 945 Dei
1571 911 1722 945 Verbum
1748 913 1782 946 in
1810 924 1872 946 suo

1054 980 1195 1014 prorsus
1221 975 1308 1002 statu
1336 970 1547 1014 permansit?
1570 970 1697 1003 Verum
1725 971 1749 1002 si
1778 971 1871 1003 carni

1053 1027 1125 1059 eius
1139 1025 1402 1072 inseparabilem
1417 1026 1662 1060 adunationem
1676 1026 1852 1061 adtribuas
1862 1053 1869 1065 ‚

1053 1094 1165 1128 neque
1184 1095 1259 1117 eam
1279 1095 1338 1117 sua
1357 1090 1448 1117 veste
1469 1084 1614 1129 spolies,
1633 1085 1771 1117 unicum
1791 1090 1872 1118 tunc,

1053 1139 1165 1174 filium
1185 1140 1346 1174 adorabis
1366 1142 1453 1186 patri
1474 1140 1801 1175 consubstantialem
1819 1142 1872 1174 dt-

1053 1198 1212 1236 vinitate,
1236 1198 1335 1231 nobis
1354 1199 1434 1232 item
1454 1197 1781 1232 consubstantialem
1807 1200 1872 1233 liu-

1054 1256 1230 1289 manitate.
1252 1257 1359 1289 Porro
1377 1257 1435 1300 qui
1449 1257 1493 1289 ita
1511 1257 1644 1301 opinari
1660 1257 1847 1290 decernunt
1862 1284 1870 1296 ,

1054 1313 1102 1346 eis
1133 1313 1286 1347 Christus
1313 1313 1429 1347 lumen
1457 1314 1652 1359 suppeditat
1680 1315 1722 1347 ad
1750 1316 1873 1348 suimet

1054 1372 1256 1416 mysterium
1284 1371 1576 1417 cognoscendum.

1095 1461 1214 1494 XXIX.
1239 1459 1336 1493 Idem
1362 1460 1513 1496 Ft‘rz'llus
1536 1460 1570 1493 in
1590 1460 1706 1493 eodem
1727 1460 1828 1494 libro.

1126 1545 1284 1578 Hominis
1313 1557 1400 1590 quae
1427 1546 1461 1578 in
1488 1545 1622 1578 Christo
1649 1551 1697 1578 est
1728 1551 1869 1584 natura,

1054 1602 1246 1636 honoratur
1272 1614 1352 1636 sane.
1371 1614 1408 1636 ac
1427 1601 1676 1639 sanctificatum
1696 1608 1872 1636 verumta-

1055 1671 1134 1693 men
1153 1666 1322 1704 quatenus
1340 1661 1430 1693 Deus
1449 1666 1515 1697 est,
1538 1659 1710 1705 baptismo
1730 1671 1798 1692 non
1819 1661 1871 1693 in.-

1055 1716 1193 1762 digebat
1203 1743 1210 1755 ‚
1229 1729 1340 1762 neque
1354 1718 1498 1762 Spiritus
1512 1717 1616 1750 sancti
1632 1717 1726 1750 dono
1738 1743 1745 1755 ,
1762 1728 1873 1762 quan-

1055 1774 1245 1820 doquidem
1271 1775 1381 1820 ipsum
1410 1775 1575 1820 Spiritum
1601 1775 1694 1808 idem
1720 1774 1839 1807 donat.

1086 1874 1133 1907 Ex
1152 1873 1284 1907 inedito
1301 1872 1491 1907 Philalethe
1510 1874 1623 1906 Severi
1644 1873 1840 1906 antiocheni

1197 1932 1230 1964 in
1257 1932 1374 1965 codice
1401 1932 1534 1976 syriaco
1560 1932 1729 1963 vaticano.

1088 2029 1192 2062 XXX.
1217 2027 1395 2061 Diodorus
1417 2028 1517 2061 Tarsi
1536 2027 1716 2074 episcopus
1739 2028 1842 2074 impiis

1146 2084 1302 2118 Nestorii
1320 2084 1493 2131 magister
1515 2085 1586 2129 (ila
1607 2085 1782 2132 scripsit.)

1129 2180 1242 2220 Quum
1274 2179 1386 2213 adhue
1412 2180 1537 2212 Mariae
1569 2186 1656 2212 esset
1687 2190 1767 2213 caro
1793 2180 1872 2219 illa,

1057 2238 1205 2271 necdum
1219 2237 1399 2283 adsumpta
1412 2263 1419 2275 ‚
1439 2244 1571 2270 terrena
1586 2243 1675 2275 erat,
1693 2249 1803 2282 neque
1819 2238 1875 2272 ul—

1057 2295 1190 2328 latenus
1216 2306 1234 2328 a
1260 2295 1381 2328 ceteris
1407 2293 1568 2328 carnibus
1593 2294 1790 2329 differebat:
1815 2296 1873 2329 sed

1058 2353 1092 2385 in
1112 2353 1287 2386 nativitate
1306 2352 1448 2385 demum
1467 2351 1600 2385 honore
1620 2359 1716 2386 aucta
1736 2359 1798 2387 est.
1824 2354 1875 2387 Sic

1057 2410 1224 2443 Dominus
1249 2410 1333 2443 dum
1353 2411 1387 2443 in
1408 2410 1555 2455 Virginis
1581 2416 1680 2443 utero
1700 2416 1803 2447 esset,
1824 2416 1875 2443 at-

1057 2479 1124 2512 que.
1143 2467 1186 2500 ad
1204 2467 1298 2501 illius
1316 2467 1541 2501 substantiam
1557 2469 1668 2502 adhuc
1683 2468 1871 2506 adtineret,

1056 2524 1189 2559 honore
1209 2524 1269 2558 filii
1288 2524 1438 2559 carebat.
1466 2526 1579 2565 Quum
1600 2531 1711 2558 autem
1732 2524 1872 2557 confor-

1056 2589 1168 2615 matus
1187 2589 1256 2620 est,
1276 2583 1514 2628 templumque
1532 2583 1591 2616 Dei
1610 2581 1711 2615 Verbi
1731 2581 1872 2615 effertus

1059 2646 1197 2684 recepto
1216 2641 1416 2685 L'nigenito,
1432 2640 1601 2673 honorem
1622 2639 1771 2672 nominis
1792 2638 1871 2672 atie-

1058 2702 1137 2741 ptus
1155 2703 1223 2736 est,
1246 2709 1287 2731 ex
1306 2709 1376 2743 quo
1394 2697 1443 2730 illi
1463 2696 1726 2741 gloriaaccessit
1751 2695 1809 2740 ἓξ).

267 2794 302 2824 (t)
321 2792 393 2825 Ergo
412 2799 442 2817 ex
462 2790 549 2818 tribus
568 2790 624 2817 illis
644 2790 737 2823 libris,
753 2799 822 2825 quos
840 2795 942 2818 veteres
961 2791 1058 2818 dicunt
1073 2800 1086 2819 a
1102 2793 1203 2828 Cyrillo
1222 2793 1338 2828 scriptos
1358 2796 1451 2819 contra
1467 2791 1616 2818 Diodorum
1634 2799 1664 2817 ae
1679 2791 1867 2824 Theodorum,

185 2836 292 2870 primus
310 2844 404 2870 reapse
423 2840 517 2862 contra
538 2835 689 2863 Diodorum
709 2840 780 2869 erat,
801 2836 856 2862 (luo
876 2836 975 2871 reliqui
995 2842 1087 2864 eontra
1108 2837 1296 2870 Theodorum,
1317 2842 1348 2864 ut
1367 2846 1396 2864 ex
1418 2837 1538 2871 ipsorum
1560 2836 1643 2862 initiis
1663 2840 1778 2863 constat.
1821 2840 1826 2858 t

267 2883 300 2913 (22
321 2880 403 2907 tides
424 2884 518 2915 putam
540 2880 672 2907 haeresim
694 2881 893 2913 nesunianam,
914 2888 996 2916 quam
1016 2882 1045 2908 in
1064 2886 1194 2917 sequente
1214 2882 1367 2917 fragmento
1387 2880 1509 2908 retundit
1528 2880 1655 2916 Cyl-illus.
