2219 3322
162 626 166 631 ’
186 624 212 643 Ι»
230 623 276 644 XL.
293 627 324 645 12¹.

364 196 433 230 592

361 272 632 311 surrectionem,
661 276 699 305 ut
727 276 869 304 naturae
894 282 974 306 suae
1002 273 1181 307 veritatem

360 341 481 364 rursus
494 330 764 367 demonstraret,
776 329 871 362 velut
885 330 931 363 ait
944 341 1091 376 magnus
1103 343 1181 365 san·-

361 393 436 421 ctus
461 387 605 420 Basilius
634 386 705 431 (1),
735 384 852 420 cibum
878 397 1019 433 quoque
1045 394 1181 433 gustare

360 443 521 489 dignatus
548 449 610 477 est.

436 502 491 535 13.
521 502 592 534 Iam
612 511 697 534 vero
717 506 877 535 aeternus
895 501 1003 541 Deus,
1026 503 1086 548 qui
1106 504 1180 537 uni-

359 570 498 593 versum
517 558 639 591 mundi
658 557 783 592 orbem
798 557 1059 605 complectitur,
1077 567 1116 594 ut
1135 561 1181 594 ait

360 617 463 650 Isaias
478 616 490 625 ⁴¹
502 641 510 654 ‚
529 627 592 649 nec
611 615 736 649 famem
752 617 902 662 experiri
917 628 980 651 nec
995 618 1086 651 sitim
1101 625 1180 664 pot-

360 680 428 707 est:
449 672 560 707 nihilo
580 680 694 707 tamen
713 674 828 708 minus
845 675 873 708 is
891 675 927 708 in
949 685 1097 721 corpore
1115 686 1179 709 suo

359 731 501 765 esurivit
516 737 618 776 atque
635 731 759 764 sitivit:
776 741 924 776 cumque
942 731 1050 765 homo
1069 738 1155 766 esset
1168 758 1176 772 ‚

359 795 535 834 tamquam
554 789 645 822 Deus
667 788 769 822 simul
789 787 1000 834 operabatur
1019 801 1099 823 cum
1117 800 1179 823 na—

358 852 456 880 turae
477 845 614 879 divinae
632 845 778 880 viribus.
806 846 846 880 Id
865 857 930 880 nos
949 846 1051 880 docet
1075 848 1178 881 etiam

357 904 493 949 sapiens
519 903 669 948 Cyrillus
694 904 730 937 in
756 914 820 937 suo
843 903 1008 938 thesauro
1035 903 1176 938 dicens:

361 975 376 991 «
399 972 509 994 unum
535 959 636 995 nobis
663 960 864 1007 praedicant
887 961 1062 995 Christum
1089 962 1179 996 divi-

359 1031 375 1049 »
399 1029 463 1052 nae
487 1019 695 1065 scripturae:
721 1030 870 1064 namque
896 1031 987 1053 unus
1012 1026 1062 1053 est
1087 1021 1179 1054 Deus

360 1090 376 1107 »
398 1082 514 1122 pater,
537 1088 695 1122 unusque
721 1083 755 1110 et
778 1076 872 1111 solus
895 1077 1058 1111 dominus
1084 1079 1178 1112 Iesus

359 1147 375 1164 »
397 1133 571 1173 Christus,
594 1135 654 1180 qui
679 1135 730 1169 uti
749 1135 840 1168 Deus
861 1136 1076 1181 agnoscitur,
1097 1136 1178 1181 quia

360 1205 375 1223 »
398 1190 434 1224 id
460 1192 530 1236 egit
556 1191 652 1237 quod
681 1191 790 1226 solius
815 1192 877 1226 Dei
901 1194 1085 1238 proprium
1112 1199 1174 1227 est.

360 1263 375 1280 »
398 1249 484 1289 Quia
509 1260 594 1282 vero
620 1255 728 1283 semet
751 1249 878 1283 fecerat
903 1250 1100 1289 hominem.
1127 1263 1178 1285 se-

360 1319 376 1337 »
399 1305 554 1339 cundum
569 1307 776 1352 scripturam
788 1333 795 1345 ,
813 1317 902 1352 opus
921 1306 985 1340 fuit
1003 1313 1038 1341 ut
1059 1319 1094 1341 se
1113 1308 1179 1342 ho-

361 1378 376 1394 »
398 1363 527 1397 minem
560 1375 633 1397 esse
659 1363 930 1410 comprobarem
959 1376 1071 1410 neque
1102 1365 1180 1399 talis

359 1435 375 1452 »
397 1421 508 1455 videri
535 1427 672 1467 poterat
698 1420 829 1467 absque
847 1422 996 1456 innoxiis
1022 1423 1179 1468 corporis

360 1493 375 1509 »
398 1477 608 1517 adfectibus,
630 1477 804 1524 rebusque
831 1479 905 1513 aliis
931 1480 1071 1525 corpori
1096 1491 1180 1513 con—

359 1550 375 1568 »
397 1537 581 1570 sentaneis.
595 1535 814 1582 Operabatur
827 1537 956 1571 scilicet
971 1543 1005 1571 et
1019 1537 1180 1583 loqueba-

360 1609 375 1624 »
398 1600 456 1627 tur
473 1599 643 1639 quantum
658 1593 793 1627 homini
812 1595 993 1640 congruit,
1012 1601 1051 1628 ut
1064 1607 1099 1628 se
1114 1595 1180 1629 ho-

360 1666 375 1681 »
397 1652 528 1685 minem
548 1651 677 1685 facturn
696 1651 954 1686 demonstraret
970 1652 1030 1698 (2).
1056 1667 1071 1685 »
1093 1654 1179 1688 Tum

356 1709 475 1755 paucis
494 1709 694 1742 interiectis.
720 1721 735 1740 «
758 1709 845 1749 Quia
867 1709 960 1743 Deus
984 1721 1087 1744 verus
1106 1717 1179 1745 erat

360 1781 376 1798 n
399 1778 478 1801 cum
504 1778 606 1800 carne
620 1792 628 1805 ‚
650 1777 802 1812 caroque
819 1778 902 1801 vera
927 1778 1007 1801 cum
1031 1767 1175 1807 deitate,

360 1838 376 1855 >›
398 1822 610 1870 operabatur
628 1830 668 1857 ut
687 1824 797 1863 Deus,
813 1831 985 1869 quatenus
999 1836 1088 1870 opus
1106 1833 1180 1860 erat

360 1896 376 1913 »
399 1889 437 1916 ut
451 1882 543 1916 Deus
562 1893 635 1915 esse
654 1887 933 1927 cognosceretur.
953 1883 1179 1929 Vicissimque

360 1953 375 1971 »
399 1938 521 1984 agebat
540 1944 573 1972 et
592 1938 820 1984 loquebatur,
841 1945 1010 1984 quatenus
1036 1947 1179 1986 oporte-

360 2011 375 2028 »
398 1996 458 2030 bat
477 2002 515 2030 ut
534 2008 569 2030 se
587 2007 710 2030 verum
729 1996 907 2030 hominem
925 2008 997 2030 esse
1017 1998 1179 2032 ostende-

360 2067 375 2085 »
398 2059 467 2092 ret:
489 2054 644 2098 mysterii
662 2056 710 2087 sic
728 2054 909 2087 veritatem
927 2054 1101 2099 prudente
1119 2067 1179 2090 oe-

361 2125 376 2142 »
399 2112 560 2145 conomia
586 2111 844 2145 administrans.
868 2126 885 2142 »

434 2169 490 2202 17».
518 2170 629 2202 Nemo
654 2169 758 2214 igitur
787 2170 874 2203 ausit
899 2180 963 2203 nos
988 2171 1178 2216 reprehen-

357 2226 440 2259 dere
450 2252 458 2264 ,
476 2225 511 2258 id
526 2232 577 2259 est
590 2227 650 2260 Dei
664 2226 845 2260 ecclesiam
857 2253 865 2266 ‚
882 2234 1066 2273 propterea
1082 2229 1177 2274 quod

357 2284 410 2317 his
440 2283 620 2317 vocabulis
651 2285 782 2317 utimur
812 2285 847 2317 in
878 2285 1066 2320 catholicae
1096 2285 1177 2321 fidei

357 2339 585 2374 confessione.
615 2341 772 2386 Cogitent
795 2341 911 2386 potius
931 2342 1005 2376 fore
1024 2355 1059 2377 se
1078 2343 1178 2377 mali-

357 2398 422 2431 tiae
442 2397 653 2430 Arianorum
673 2409 865 2438 consonos,
881 2400 941 2444 qui
961 2399 1004 2433 ad
1024 2411 1104 2434 suos
1123 2412 1179 2434 er-

357 2465 454 2488 rores
468 2454 700 2489 orthodoxam
716 2462 854 2501 patrum
868 2457 1012 2491 Nicaeae
1032 2469 1178 2503 congre-

1018 207 1046 231 S.
1074 207 1219 232 GERMANI
1245 208 1400 232 EPISTOLA

1235 280 1395 319 gatorum
1426 272 1615 307 dictionem
1644 273 1937 320 distorquebant;
1967 276 2026 321 qui
2045 302 2054 316 ‚

1235 337 1340 376 prout
1359 341 1504 376 magnus
1524 331 1571 364 ait
1583 331 1790 365 Athanasius
1805 331 1850 377 (3)
1867 338 1944 378 post
1963 333 2056 366 mul-

1234 394 1304 421 tam
1319 389 1608 433 conquisitionem
1619 387 1831 424 vocabulum
1849 390 2055 444 ὁμοσόσιος

1233 445 1494 485 stabiliverunt,
1511 447 1607 492 quod
1628 458 1819 492 numquam
1837 448 1954 481 Ariani
1975 459 2056 493 per-

1233 510 1369 537 vertere
1379 510 1582 549 potuerunt.
1594 505 1677 538 Cum
1692 511 1807 538 autem
1821 505 1974 539 distorsit
1988 506 2056 539 Ne-

1234 562 1360 595 storius
1385 568 1524 596 nostrae
1544 561 1625 595 fidei
1645 568 1828 601 tesseram,
1852 563 1888 596 in
1914 562 2055 596 ecclesia

1233 619 1293 652 Dei
1313 629 1451 665 semper
1469 618 1661 653 adhibitam
1673 645 1681 658 ‚
1699 619 1849 664 Cyrillus
1868 617 2056 653 admirabi-

1234 675 1276 709 lis
1300 687 1469 721 personae
1495 677 1662 711 unitatem
1687 676 1738 710 illi
1765 676 1946 722 opposuit.

1310 733 1365 767 15.
1395 734 1482 767 Item
1509 745 1588 767 cum
1614 745 1719 768 senex
1747 733 1922 778 malignus
1949 733 2057 778 Euty-

1234 791 1314 824 ches
1339 796 1448 824 semet
1472 791 1612 829 extulit,
1632 790 1750 825 dicens
1774 791 1887 824 Deum
1914 789 2056 835 quidem

1234 860 1361 894 corpus
1380 854 1502 883 nostro
1523 848 1634 882 simile
1655 848 1886 894 adsumpsisse
1898 873 1906 887 ,
1923 852 2058 881 cetero-

1233 907 1293 950 qui
1313 916 1418 940 unam
1437 917 1511 940 esse
1529 912 1690 940 naturam
1714 911 1793 952 post
1811 905 1976 939 unionem
1995 903 2058 938 de-

1234 963 1340 997 lirans
1360 963 1428 1009 (4),
1451 969 1565 1009 patres
1593 963 1616 996 ii
1641 963 1701 1008 qui
1728 962 1946 996 Chalcedone
1973 972 2056 995 con-

1233 1027 1424 1060 venerunt,
1446 1022 1646 1065 Romaeque
1665 1021 1806 1053 antistes
1824 1019 1946 1053 beatus
1964 1019 2033 1052 Leo
2046 1043 2054 1055 ‚

1234 1080 1342 1113 coacti
1361 1084 1459 1118 sunt,
1479 1084 1518 1112 ut
1536 1078 1631 1111 illius
1651 1078 1820 1111 insaniam
1838 1076 2057 1113 refellerent,

1234 1136 1321 1171 duas
1335 1136 1462 1170 docere
1480 1148 1554 1170 esse
1573 1142 1715 1169 naturas
1729 1135 1765 1168 in
1779 1134 1959 1179 unigenito
1972 1134 2059 1167 Ver-

1234 1192 1282 1228 bo
1301 1195 1381 1232 Dei;
1402 1204 1490 1239 quae
1515 1205 1625 1239 quum
1649 1193 1742 1226 iuxta
1762 1203 1840 1225 suas
1863 1191 2061 1237 proprieta-

1234 1257 1285 1285 tes
1311 1251 1414 1285 simul
1435 1257 1595 1297 agerent,
1617 1248 1740 1283 ambae
1757 1247 1853 1294 quod
1874 1247 2059 1294 proprium

1234 1308 1299 1342 sibi
1327 1314 1402 1342 erat
1425 1306 1608 1345 tenebram
1633 1313 1671 1340 ut
1695 1307 1743 1340 sic
1770 1318 1811 1339 ex
1839 1310 1979 1339 actuum
2005 1304 2060 1337 di-

1235 1366 1437 1404 stinctione,
1458 1372 1661 1399 naturarum
1689 1364 1866 1398 distinctio
1893 1373 2059 1408 agnosce-

1235 1430 1333 1457 retur
1353 1425 1455 1457 unius
1473 1423 1606 1456 domini
1626 1423 1735 1456 nostri
1754 1422 1831 1456 lesu
1850 1420 1993 1455 Christi:
2014 1425 2061 1453 et-

1235 1483 1329 1515 enim
1347 1493 1389 1515 ex
1407 1480 1539 1515 actibus
1561 1487 1683 1514 natura
1703 1479 1918 1525 dignoscitur
1930 1504 1938 1517 ‚
1962 1477 2059 1511 velut

1235 1541 1338 1573 etiam
1356 1538 1447 1573 beati
1467 1538 1617 1584 Cyrillus
1636 1544 1668 1572 et
1691 1548 1859 1583 nyssenus
1872 1536 2060 1581 Gregorius

1234 1597 1269 1631 in
1295 1597 1432 1643 scriptis
1457 1597 1526 1630 suis
1550 1595 1783 1630 tradiderunt.

1311 1655 1367 1688 16.
1397 1654 1463 1687 Sed
1489 1654 1582 1687 enim
1606 1665 1649 1686 ne
1676 1652 1721 1686 ad
1745 1651 1961 1686 voluntatem
1980 1651 2059 1696 qui-

1235 1712 1315 1746 dem
1341 1711 1437 1758 quod
1462 1712 1613 1750 adtinet,
1636 1711 1762 1745 veritas
1781 1721 1852 1743 non
1875 1715 1925 1743 est
1944 1708 2057 1742 decla-

1235 1770 1355 1804 randa.
1369 1770 1470 1804 Haud
1485 1771 1578 1803 enim
1592 1768 1847 1803 inconsiderate
1857 1767 1913 1802 vel
1928 1766 2060 1812 absque

1234 1828 1411 1865 examine,
1434 1827 1583 1861 duarum
1603 1827 1824 1860 voluntatum
1843 1825 2057 1859 locutionem

1235 1885 1436 1918 admisimus
1449 1885 1514 1930 (5),
1527 1896 1637 1930 quum
1650 1884 1715 1917 hac
1729 1883 1773 1917 de
1786 1894 1823 1917 re
1840 1881 2058 1927 temporibus

1234 1942 1362 1976 nostris
1376 1948 1550 1975 commota
1563 1941 1719 1986 quaestio
1734 1940 1870 1981 fuisse13
1884 1950 1997 1984 neque
2009 1950 2058 1972 ec-

1234 2000 1357 2033 clesiae
1380 2000 1441 2033 Dei
1461 1997 1680 2045 praesidibus
1703 2004 1818 2032 tacere
1837 1998 1975 2035 liceret.
1997 2007 2057 2030 ne-

1233 2068 1302 2102 que
1320 2058 1437 2103 inepte
1456 2058 1516 2091 Dei
1539 2057 1691 2102 potentis
1710 2067 1838 2102 corpus
1861 2054 2058 2088 rescindere

1234 2114 1337 2148 huius
1355 2114 1516 2148 dictionis
1536 2114 1786 2159 divulgatione.
1810 2113 1943 2146 Revera
1963 2111 2056 2144 haud

1234 2171 1386 2205 alienum
1414 2182 1432 2205 a
1457 2172 1535 2205 trita
1556 2177 1696 2217 patrum
1718 2170 1773 2204 via
1793 2175 1861 2208 est,
1886 2169 1972 2202 duas
1992 2179 2056 2202 vo-

1234 2228 1384 2263 luntates
1402 2229 1536 2271 dicere3
1553 2235 1586 2262 et
1601 2227 1727 2262 deinde
1741 2227 1926 2261 adfirmare
1945 2238 2055 2260 unum

1234 2287 1269 2320 id
1295 2292 1346 2320 est
1372 2287 1524 2333 primum
1550 2292 1653 2331 atque
1681 2286 1906 2331 praecipuum
1933 2284 2057 2318 huma-

1233 2355 1317 2378 num
1333 2350 1446 2378 actum
1466 2344 1500 2377 in
1520 2343 1699 2377 intellectu
1714 2354 1753 2377 ac
1771 2343 1950 2376 voluntate
1964 2342 2052 2375 fieri.

1232 2401 1304 2435 Iam
1322 2412 1431 2446 quum
1451 2407 1607 2450 nostram
1622 2407 1782 2435 naturam
1799 2400 1957 2434 divinum
1970 2400 2056 2434 Ver—

1231 2457 1317 2492 bum
1331 2455 1581 2505 adsumpserit,
1601 2464 1637 2492 ut
1652 2470 1728 2492 eam
1743 2459 1878 2492 sanitati
1895 2458 2056 2492 restitue-

438 2563 474 2592 (1)
493 2562 565 2588 Num
586 2561 718 2596 iutelligit
736 2562 893 2590 Germanus
911 2563 1003 2591 locum
1023 2565 1154 2599 epistolae
1168 2565 1263 2592 Basilii
1283 2565 1317 2592 ad
1332 2565 1495 2598 Urbieiu1n,
1510 2574 1593 2601 quam
1614 2565 1696 2601 primi
1715 2572 1781 2598 nos,
1798 2572 1829 2591 ex
1845 2563 1938 2591 codice
1957 2566 2055 2590 veneto

356 2605 519 2640 exscriptam
539 2605 678 2634 edidimus
697 2611 759 2642 post
777 2607 874 2642 Cyrilli
893 2610 1106 2637 commentarios
1126 2611 1154 2637 in
1175 2610 1314 2645 psalmos?
1334 2610 1375 2637 lbi
1398 2611 1532 2637 nimirum
1554 2610 1646 2645 agitur
1664 2609 1698 2637 de
1717 2610 1828 2637 Christo
1851 2613 1912 2644 post
1935 2616 2055 2636 resurre-

357 2650 476 2676 ctionem
496 2650 668 2678 comedente.

437 2698 472 2726 (2)
492 2694 574 2722 Plura
594 2695 638 2722 his
657 2699 729 2723 certe
748 2696 850 2723 similia
869 2696 938 2724 dicit
957 2697 1075 2733 Cyrillus
1095 2699 1123 2725 in
1144 2699 1272 2726 thesauro
1292 2704 1387 2726 assert.
1410 2700 1513 2727 XXIV.

436 2741 471 2769 (3)
492 2738 598 2765 Prolixe
618 2738 652 2766 de
671 2739 722 2765 hoe
741 2739 874 2767 vocabulo
893 2741 1064 2768 Athanasius
1083 2743 1112 2769 iu
1133 2743 1202 2770 libro
1222 2743 1256 2770 de
1275 2743 1398 2779 synodis.

437 2784 473 2813 (4)
492 2782 598 2809 Concil.
620 2783 742 2810 chalced.
766 2793 792 2819 p.
815 2787 891 2811 1079.
913 2784 957 2812 ed.
978 2790 1066 2813 venet.
1088 2787 1176 2814 coleti
1196 2788 1262 2814 anni
1284 2791 1362 2815 1728.
1383 2790 1415 2815 T.
1438 2789 1483 2815 lv.

436 2829 471 2857 (ὃ)
491 2826 564 2853 Hinc
584 2835 681 2854 rursus
700 2827 775 2855 vides
794 2836 878 2863 quam
893 2828 963 2856 salso
983 2835 1127 2857 accusatus
1142 2832 1209 2858 olim
1230 2832 1313 2859 fuerit
1330 2832 1363 2859 de
1380 2833 1593 2859 monothelismo
1609 2833 1766 2860 Germanus
1784 2835 1891 2864 nostem
1905 2839 1958 2866 qua
1979 2834 2052 2858 cete-

356 2869 434 2903 roqui
454 2870 646 2899 criminatione
668 2872 734 2900 satis
753 2881 816 2900 eum
836 2873 892 2902 iam
913 2878 1075 2909 purgaverat
1094 2875 1288 2904 henschenius
1307 2876 1504 2904 bollandianus
1524 2876 1557 2904 ad
1578 2877 1651 2904 diem
1672 2877 1737 2904 XII.
1759 2876 1834 2904 maii.
