2326 3362
610 482 993 534 &mamistae
1024 482 1498 533 PRQOEEQQGQQQ

304 944 331 976 Ι.
360 907 535 990 Quoties
559 951 625 986 ego
650 940 847 986 generalem
873 940 970 974 illam
995 940 1103 974 sancti
1128 938 1247 985 Cyritti
1273 938 1489 973 alexandrini
1515 949 1662 984 operum
1689 938 1897 976 editionem,

207 999 250 1034 ab
269 999 427 1034 Auberto
445 998 539 1045 gallo
558 1005 691 1044 septem
710 999 814 1032 tomis
832 998 1009 1043 vulgatam
1021 1024 1029 1036 ,
1050 1009 1156 1031 manu
1175 995 1356 1030 versabam
1369 1022 1376 1036 ,
1399 997 1500 1030 toties
1519 1008 1574 1030 me
1593 1008 1719 1042 cupere
1738 997 1897 1035 memini,

207 1065 246 1092 ut
271 1069 361 1092 nova
381 1057 496 1102 aliqua
514 1062 714 1095 curaretur,
736 1067 826 1101 quae
852 1062 946 1089 tanto
967 1054 1148 1089 aubertina
1175 1055 1313 1101 plenior
1338 1061 1427 1088 esset
1445 1066 1483 1088 ac
1502 1053 1644 1092 melior,
1667 1060 1799 1098 quanto
1818 1053 1903 1088 haec

206 1117 360 1150 minores
386 1115 469 1149 alias
487 1121 522 1148 et
540 1114 746 1148 vetustiores
771 1125 950 1159 superasse
975 1112 1125 1147 videtur.
1155 1113 1291 1146 Etenim
1311 1112 1403 1146 haud
1430 1113 1594 1145 minimus
1620 1111 1722 1145 buius
1741 1112 1902 1146 editionis

207 1185 336 1208 naevus
361 1180 427 1212 est,
450 1172 547 1218 quod
573 1172 679 1206 latina
704 1173 818 1217 graeci
844 1178 955 1205 textus
980 1171 1221 1217 interpretatio
1246 1171 1361 1204 varios
1380 1169 1485 1203 habet
1504 1175 1680 1207 auctores,
1705 1171 1763 1215 qui
1782 1170 1902 1215 viginti

206 1232 279 1265 fere
305 1237 552 1265 numerantur:
575 1241 647 1276 quo
672 1230 713 1264 fit
738 1236 777 1263 ut
798 1229 919 1274 Cyrilli
945 1229 1097 1264 elocutio
1123 1240 1235 1275 neque
1261 1239 1413 1262 consona
1439 1239 1553 1273 neque
1579 1227 1763 1260 uniformis
1788 1227 1904 1260 latinis

207 1288 350 1323 auribus
368 1288 549 1333 oculisque
574 1287 725 1321 accidat:
748 1293 782 1321 et
802 1286 946 1332 quidem
965 1287 1038 1321 veri
1057 1287 1161 1320 etiam
1186 1286 1360 1331 crassique
1379 1296 1516 1319 errores
1536 1285 1764 1330 interpretum
1783 1285 1903 1319 latinas

207 1345 364 1392 plagulas
384 1345 571 1379 maculant.
600 1345 808 1379 Necessariis
828 1346 970 1390 insuper
995 1344 1137 1378 scholiis
1156 1344 1227 1377 sive
1246 1344 1371 1377 criticis
1390 1344 1460 1376 sive
1480 1343 1661 1387 exegeticis
1687 1348 1778 1376 earet
1804 1353 1904 1387 saepe

206 1403 373 1448 Cyrillus,
399 1408 432 1436 et
450 1403 595 1436 materia
620 1403 695 1448 ipsa
721 1403 967 1448 respirationes
993 1402 1227 1448 capitulorum
1252 1401 1510 1446 divisionesque
1535 1400 1678 1434 idoneas
1704 1399 1797 1433 haud
1824 1411 1904 1433 raro

206 1460 397 1494 desiderat:
419 1471 562 1504 graecus
587 1471 673 1494 vero
699 1466 881 1494 contextus
900 1459 1012 1493 foedis
1031 1458 1244 1504 quandoque
1269 1458 1405 1492 mendis
1423 1457 1578 1491 laborat:
1601 1458 1826 1491 materiarum
1852 1458 1905 1491 in-

206 1518 298 1552 dices
317 1517 373 1550 vel
392 1517 498 1551 exiles
516 1524 614 1556 sunt,
634 1517 690 1551 vel
711 1517 838 1552 alicubi
860 1517 966 1551 nulli:
989 1516 1137 1562 quilibet
1155 1516 1306 1561 denique
1324 1516 1469 1549 editoris
1488 1521 1674 1561 apparatus
1693 1521 1725 1549 et
1743 1516 1882 1560 isagoge
1894 1541 1901 1552 ,

207 1582 240 1609 et
259 1574 479 1620 singulorum
504 1585 653 1619 operum
678 1575 787 1608 veluti
813 1575 955 1608 historia
975 1586 1013 1608 ac
1032 1574 1201 1608 iudicium
1227 1573 1353 1607 frustra
1373 1574 1574 1619 requiritur.
1603 1574 1821 1618 Quamquam
1840 1574 1905 1618 igi-

205 1639 262 1666 tur
287 1632 382 1666 haud
408 1631 485 1665 leve
510 1637 561 1665 est
586 1631 733 1665 Auberti
760 1632 942 1671 meritum,
963 1631 1112 1665 modesti
1138 1633 1316 1677 ceteroqui
1343 1630 1493 1665 hominis
1519 1638 1552 1665 et
1577 1631 1734 1677 ingenui,
1761 1636 1904 1676 propter

204 1690 295 1725 hanc
320 1696 500 1723 tomorum
527 1695 578 1723 tot
603 1700 710 1734 quam
734 1690 831 1734 gravi
852 1688 973 1722 labore
991 1700 1054 1722 suo
1073 1689 1204 1722 molem
1224 1689 1405 1727 instruxit;
1428 1695 1579 1722 attamen
1597 1687 1791 1734 optandum
1809 1694 1901 1726 erat,

204 1754 245 1782 ut
269 1747 449 1781 maurinus
468 1746 593 1791 aliquis
618 1746 811 1780 monachus
838 1746 1008 1791 Cyrilluin
1034 1757 1176 1791 quoque
1201 1752 1369 1780 consueto
1394 1745 1585 1779 sodalitatis
1609 1756 1691 1779 suae
1716 1745 1903 1791 splendore

205 1804 365 1839 doctrina
392 1815 430 1838 ac
454 1803 571 1837 studio
597 1803 663 1837 sibi
687 1803 933 1838 adornandum
959 1804 1169 1850 susciperet,
1191 1803 1289 1849 quod
1313 1809 1350 1837 ut
1371 1803 1576 1849 aliquando,
1600 1803 1745 1837 meliore
1767 1809 1904 1848 tempo-

206 1873 283 1896 rum
309 1861 511 1895 conditione
538 1860 616 1900 fiat,
640 1862 705 1906 piis
732 1862 822 1895 votis
847 1861 1013 1907 deposco.

302 1920 345 1952 11.
374 1919 436 1952 His
455 1919 499 1952 de
523 1918 670 1953 Auberti
691 1919 844 1953 editione
868 1918 1022 1953 breviter
1047 1924 1151 1965 atque
1170 1924 1207 1952 ut
1231 1929 1335 1964 spero
1359 1917 1586 1963 aequabiliter
1606 1918 1724 1957 dictis,
1746 1917 1903 1952 nondum

205 1983 321 2010 tamen
347 1977 421 2010 eius
448 1977 675 2023 praecipuum
704 1978 897 2011 memoravi
925 1976 1209 2015 incommodum,
1239 1983 1291 2010 tot
1317 1976 1477 2010 xidelicet
1505 1976 1625 2021 Cyrilli
1653 1976 1903 2022 opusculorum

205 2034 397 2072 defectum,
420 2045 509 2078 quae
535 2035 662 2079 partim
682 2045 803 2079 graece
821 2035 949 2080 partim
968 2034 1075 2068 latine
1100 2033 1255 2080 dispersa
1283 2034 1318 2066 in
1343 2034 1520 2080 impressis
1546 2033 1646 2068 libris
1670 2033 1849 2072 extabant,
1870 2040 1903 2067 et

203 2090 351 2125 Auberti
378 2092 536 2125 notitiam
563 2091 852 2137 diligentiamque
879 2091 1056 2137 fugerunt.
1086 2092 1179 2126 Haec
1205 2091 1333 2125 scilicet
1359 2097 1516 2126 accurate
1546 2097 1702 2125 recenset
1726 2090 1902 2124 Fabricius

204 2150 242 2182 B.
264 2150 303 2183 G.
327 2149 389 2183 lib.
412 2150 453 2183 Y.
476 2161 552 2195 cap.
574 2151 633 2183 22.
657 2161 691 2183 n.
715 2151 749 2183 8.
772 2149 828 2183 ed.
853 2160 934 2184 nov.
956 2150 993 2183 T.
1016 2151 1074 2184 IX.
1098 2161 1134 2196 p.
1157 2149 1241 2183 487.
1263 2160 1335 2194 seq.
1363 2160 1451 2194 quae
1477 2149 1642 2182 nimirum
1667 2160 1685 2182 a
1711 2160 1805 2182 novo
1829 2148 1902 2182 edi-

205 2213 280 2241 tore
299 2207 420 2240 sedule
440 2206 637 2252 colligenda
657 2212 748 2240 sunt.
777 2208 898 2252 Neque
916 2206 992 2241 heic
1011 2207 1222 2246 sistendum,
1245 2207 1304 2240 sed
1325 2207 1360 2239 in
1379 2207 1609 2240 conciliorum
1629 2205 1779 2245 actibus,
1801 2217 1902 2252 prae-

204 2266 322 2298 sertim
340 2265 516 2310 ephesini,
539 2266 574 2298 in
595 2265 745 2310 antiquis
771 2265 1019 2310 apologeticis,
1040 2265 1236 2312 panopliis‚
1258 2265 1467 2311 scriptorum
1494 2264 1753 2299 enarratoribus
1772 2276 1831 2302 seu
1850 2263 1901 2297 bi-

204 2321 441 2369 bbographis,
471 2323 698 2369 apprimeque
724 2324 760 2357 in
788 2323 933 2363 Pliotio‚
961 2335 1026 2358 nec
1053 2336 1124 2358 non
1154 2324 1303 2369 antiquis
1331 2322 1530 2357 auctoribus
1553 2323 1663 2356 Mario
1689 2323 1899 2361 Mercatore,

205 2387 305 2425 puta,
331 2381 514 2420 Facundo,
543 2380 723 2420 Liberato,
751 2382 952 2421 Anastasio,
974 2383 1138 2421 Leontio,
1163 2388 1198 2416 et
1223 2381 1365 2427 reliquis
1391 2381 1576 2427 praecipue
1602 2380 1768 2414 adversus
1794 2381 1903 2424 Euty-

207 2437 295 2476 chis,
316 2439 483 2478 Nestorii,
506 2439 682 2477 Dioscori,
705 2440 842 2479 Sex³eri‚
863 2440 1016 2486 aliasque
1039 2446 1148 2474 sectas
1170 2438 1371 2474 huiusmodi
1397 2437 1669 2485 pugnatoribus,
1690 2438 1816 2483 scripta
1837 2437 1902 2481 Cy-

208 2495 277 2528 rilli
304 2496 461 2530 rimanda
487 2503 579 2531 sunt.
608 2497 700 2537 Quid
726 2497 770 2531 de
794 2498 925 2543 graecis
951 2498 1065 2532 dicam
1093 2497 1137 2531 ad
1163 2504 1351 2543 utrumque
1380 2502 1623 2530 testamentum
1650 2496 1793 2533 catenis,
1814 2505 1902 2539 quae

208 2558 259 2586 tot
282 2553 401 2597 Cyrilli
427 2553 564 2588 divitias
590 2556 790 2589 ostentant?
815 2557 869 2589 Me
895 2562 987 2590 certe
1013 2555 1241 2590 coacervandi
1267 2566 1346 2589 cum
1372 2553 1564 2588 maioribus
1589 2554 1724 2599 scriptis
1749 2554 1901 2585 minores

207 2612 311 2644 etiam
336 2611 539 2646 minimasve
562 2612 683 2658 Cyrilli
707 2613 750 2647 ad
776 2625 886 2648 unum
910 2625 1038 2660 corpus
1062 2614 1226 2659 reliquias
1251 2613 1380 2659 cupido
1406 2614 1608 2651 incesserat,
1629 2617 1811 2655 totumque
1837 2609 1901 2654 Cy-

208 2667 327 2701 rillum
354 2667 474 2701 decem
500 2669 636 2704 circiter
661 2671 765 2704 tomis
790 2671 1130 2717 comprehendendi:
1156 2681 1269 2716 neque
1294 2671 1323 2704 is
1347 2669 1556 2703 iniucundus
1581 2667 1683 2702 labor
1707 2667 1846 2705 fuisset,
1874 2667 1900 2699 si

204 2726 264 2759 otii
291 2726 372 2758 satis
397 2731 617 2770 suppeteret,
639 2728 695 2761 vel
721 2729 748 2762 si
769 2735 898 2763 ceteras
919 2740 1019 2763 curas
1041 2740 1136 2763 meas
1155 2739 1324 2774 seponere
1343 2727 1590 2764 decrevissexm
1610 2724 1704 2770 quod
1727 2725 1807 2769 quia
1830 2735 1901 2758 non

204 2783 352 2828 placuit.
374 2782 472 2816 nolui
492 2788 607 2817 tamen
628 2784 814 2829 Cyrillum‚
835 2798 908 2831 quo
927 2798 1038 2833 paene
1057 2798 1140 2833 prae
1158 2787 1280 2820 ceteris
1298 2785 1472 2824 delector,
1494 2784 1672 2817 deserere:
1695 2781 1755 2816 sed
1774 2782 1901 2816 omissa

204 2841 299 2874 omni
320 2840 494 2874 editorum
517 2840 590 2873 eius
617 2852 764 2886 operum
789 2843 1044 2884 sollicitudine,
1066 2844 1221 2878 converti
1249 2855 1304 2877 me
1330 2843 1445 2888 potius
1472 2841 1514 2875 ad
1541 2839 1777 2885 indagandum
1803 2840 1900 2884 quic-

206 2898 291 2943 quid
317 2898 402 2932 tanti
430 2898 492 2931 xiri
520 2897 633 2932 adhuc
659 2898 827 2933 ineditum
853 2902 1018 2936 vaticanis
1044 2900 1224 2936 codicibus
1252 2900 1422 2935 contineri
1443 2897 1536 2932 haud
1562 2897 1674 2931 fallaci
1701 2897 1898 2932 coniectura

1935 954 2145 980 EditionuniS.(‘33-

1935 981 1979 1001 ruti
1991 981 2142 1007 imperiectio.

1935 1929 2079 1956 Scriptorum
2096 1930 2143 1956 Cy-

1935 1956 1980 1985 rillri
1991 1962 2080 1986 pupem
2090 1962 2143 1977 con-

1937 1985 2037 2009 quisine.
