2219 3322
285 170 356 204 542

283 246 534 281 monasterium
561 250 697 278 sanctus
722 243 848 276 Poctor
872 243 1039 281 venisset,
1063 241 1107 276 ab

286 305 355 339 illis
373 303 551 338 monachis
577 308 734 347 receptus
747 327 755 340 ,
779 300 980 346 eisdemque
999 302 1108 336 comi—

285 361 438 396 tantibus
465 372 550 394 nave
571 361 722 393 inst-ensa
736 384 743 397 ,
765 357 1008 391 Alexandriam
1029 357 1108 391 des-

286 420 498 455 cenderunt:
519 429 590 462 quo
615 417 776 461 ingressi,
799 415 986 449 adventum
1006 427 1107 450 suum

287 484 407 512 sancto
423 475 552 521 Cyrillo
571 474 784 520 patriarchae
803 474 1030 513 nunciarunt,
1047 475 1106 519 qui

288 545 499 580 magnopere
519 533 598 566 visis
618 531 686 565 illis
704 531 850 565 laetatus
867 536 938 570 est,
960 532 1109 566 mutuis-

287 604 355 638 quc
381 590 508 625 osculis
527 590 731 623 salutarunt.
762 590 871 622 Porro
897 595 930 623 et
955 589 1029 634 ipse
1048 601 1108 623 ne-

288 650 388 695 gotiis
408 648 593 693 expeditis,
614 647 730 680 navim
756 646 858 680 simul
886 646 1106 685 conscendit,

286 718 394 753 quarn
412 707 485 740 Deo
505 705 641 739 favente
666 705 755 738 intra
782 715 910 749 paucos
929 703 1002 737 dies
1021 704 1110 737 Con-

288 764 551 810 stantinopolim
577 762 808 809 appulerunt:
837 760 1031 806 urbemque
1056 762 1111 794 in-

289 824 414 869 gressi,
439 828 534 855 extra
560 821 677 867 palatii
696 826 834 866 portam
859 819 1107 859 substiterunt,

290 880 387 926 quasi
408 879 557 913 abiectae
576 877 783 912 conditionis
801 877 978 916 homines,
999 878 1111 912 nemi-

292 949 335 972 ne
360 939 501 971 invento
526 937 585 982 qui
610 937 859 982 Imperatorem
885 934 928 967 de
953 935 1112 980 ipsorum

292 995 443 1029 adventu
468 994 650 1028 certiorem
681 992 819 1027 faceret.
848 992 990 1025 Interim
1019 991 1112 1026 elato

293 1051 479 1098 supercilio
499 1052 747 1096 Imperatorem
771 1049 969 1096 frequenter
995 1049 1113 1084 adibat

293 1110 488 1147 Nestorius,
509 1107 636 1154 opibus
654 1108 723 1141 suis
748 1106 877 1141 fidens:
903 1107 1015 1140 donec
1034 1106 1113 1140 infi-

293 1179 390 1201 mum
408 1165 583 1212 quendam
595 1192 602 1204 ,
624 1166 686 1211 qui
704 1166 954 1210 Imperatorem
974 1163 1090 1198 adibat
1102 1190 1110 1203 ‚

293 1235 437 1259 cernens
462 1224 605 1261 Poctor,
625 1223 759 1267 rogavit
784 1228 823 1255 ut
849 1221 913 1256 sibi
933 1221 1114 1255 admissio-

295 1294 377 1317 nem
402 1294 421 1316 a
451 1281 608 1327 principe
638 1281 863 1326 impetraret:
892 1291 963 1325 quo
992 1291 1114 1325 reapse

294 1351 369 1375 rem
394 1338 627 1385 significante,
653 1337 829 1371 mandavit
852 1338 1045 1383 Imperator
1071 1337 1115 1371 ad

295 1409 332 1431 sc
356 1397 515 1431 homines
540 1395 733 1433 introduci;
752 1393 880 1440 quibus
904 1394 1113 1439 conspectis,

296 1455 340 1489 de
359 1454 443 1488 sella
462 1464 674 1497 consurgens
693 1452 850 1486 osculum
871 1451 984 1490 dedit,
1004 1451 1116 1486 iussit—

297 1524 365 1558 que
392 1523 509 1546 secum
535 1510 675 1549 sedere;
698 1510 804 1555 hique
828 1509 977 1542 vicissim
1003 1508 1117 1554 Impe-

296 1569 405 1604 ratori
431 1579 608 1614 regnoque
634 1568 707 1601 eius
732 1565 997 1600 benedixerunt.

370 1627 501 1661 Deinde
513 1627 706 1672 Imperator
717 1623 924 1658 introductis
939 1623 982 1657 ad
996 1635 1031 1657 se
1043 1634 1117 1657 san-

297 1692 354 1720 cto
373 1683 567 1731 patriarcha
582 1682 713 1728 Cyrillo
732 1688 765 1715 et
784 1687 901 1715 sancto
915 1679 1115 1719 Scianuthe‚

299 1749 498 1777 reverenter
513 1753 593 1776 cum
608 1742 648 1774 iis
664 1740 707 1774 de
728 1739 796 1773 fide
815 1738 922 1773 verba
942 1738 1037 1777 fecit,
1055 1739 1118 1772 ait-

298 1811 367 1845 que
386 1811 421 1833 se
440 1799 520 1832 illos
539 1798 582 1832 ad
602 1798 668 1831 hoc
693 1796 878 1830 concilium
903 1806 1060 1834 vocasse,
1081 1802 1119 1829 ut

299 1858 450 1892 Nestorii
464 1858 641 1902 negotium
653 1863 755 1901 atque
768 1855 857 1888 dicta
868 1854 1115 1888 examinarent.

300 1916 460 1953 Interim,
484 1914 670 1948 venerandi
697 1919 829 1958 patres,
851 1911 943 1958 apud
966 1923 1021 1945 me
1047 1923 1119 1945 esse

301 1974 402 2006 sinite
432 1971 661 2006 reverendum
691 1972 895 2008 Poctore1n;
923 1980 985 2002 vos
1010 1979 1117 2008 vero,

301 2030 471 2075 episcopi,
492 2040 571 2062 cum
596 2028 755 2062 Nestorio
781 2027 905 2073 Ephesi
931 2037 1121 2071 congrege-

301 2088 404 2126 mini,
421 2098 486 2132 qua
504 2098 545 2120 ex
559 2085 646 2119 urbe
665 2086 814 2119 actiones
829 2091 958 2118 vestras
977 2083 1121 2129 synodi-

303 2157 358 2179 cas
385 2157 423 2179 ac
448 2145 698 2190 disputationes
717 2143 759 2176 ad
778 2154 833 2176 me
853 2143 1013 2181 mittetis,
1035 2153 1121 2187 qua-

303 2215 381 2236 rum
412 2203 496 2236 mihi
523 2201 734 2235 reverendus
764 2201 888 2234 Poctor
919 2199 1122 2245 explanator

303 2261 380 2294 erit.
408 2261 502 2293 Tunc
519 2260 656 2293 Poctori
681 2260 874 2304 Imperator
900 2256 1016 2303 palatii
1042 2267 1122 2302 par-

304 2324 374 2351 tem
394 2323 569 2362 tamquam
588 2317 660 2350 eius
680 2317 800 2360 suique
820 2316 1018 2349 monasterii
1039 2326 1122 2359 pro-

305 2375 416 2420 priam
450 2373 652 2418 adsignavit.
689 2374 830 2406 Sanctus
862 2383 946 2406 vero
974 2372 1123 2416 Cyrillus

305 2444 385 2466 cum
409 2431 590 2465 Sciannthe
616 2431 659 2464 ad
679 2430 863 2464 concilium
884 2435 987 2475 prout
1010 2430 1123 2475 Impe-

305 2496 401 2523 rator
426 2490 569 2522 iusserat
596 2494 821 2533 perrexerunt
835 2501 844 2530 3
868 2487 983 2532 ibique
1006 2487 1123 2521 multis

306 2547 486 2581 exantlatis
518 2545 721 2583 laboribus,
749 2545 945 2578 Nestorium
977 2544 1123 2589 impium

306 2605 650 2640 excommunicarunt
665 2604 736 2637 Deo
755 2602 892 2636 volente
904 2629 911 2640 ‚
930 2602 1124 2636 faventibus

307 2664 414 2696 sancti
440 2663 593 2696 Poctoris
619 2660 801 2707 precibus,
829 2660 953 2693 Christi
984 2659 1123 2693 demum

308 2721 493 2766 praecipuo
508 2719 647 2753 auxilio.
660 2719 746 2752 Tum
759 2724 895 2751 sanctus
907 2718 1031 2751 Poctor
1042 2729 1125 2763 ope-

309 2788 382 2810 ram
412 2777 507 2810 dedit
537 2783 573 2809 ut
603 2777 794 2822 Imperator
819 2775 1014 2809 Nestorium
1041 2786 1124 2808 exu-

310 2833 378 2866 lem
404 2835 571 2879 relegaret
602 2835 636 2867 in
667 2834 864 2879 Aegyptum
895 2833 930 2866 in
961 2832 1039 2866 loco
1069 2834 1123 2866 eui

926 178 1087 201 TlMOTttEl
1113 178 1337 201 ALEXANDRINI

1161 254 1288 277 nomen
1301 241 1479 288 Sansalge3
1495 253 1600 287 quem
1614 242 1671 277 ille
1689 242 1851 283 incoluit,
1868 243 1978 279 donec

1162 299 1335 334 ulceribus
1355 298 1590 345 blasphemiae
1608 301 1680 334 eius
1699 300 1864 335 adversus
1882 302 1978 335 Chri-

1162 364 1250 392 stum
1266 358 1448 391 dominum
1467 357 1678 397 vindicibus,
1695 358 1869 392 horrenda
1884 370 1980 393 mor-

1163 421 1195 448 te
1222 415 1335 460 periit.

1234 474 1313 506 Post
1327 472 1410 506 haec
1425 472 1611 519 postulavit
1623 472 1666 506 ab
1678 473 1890 518 Imperatore
1905 485 1980 507 san-

1162 536 1237 563 ctus
1252 531 1392 569 Poctor,
1409 535 1446 563 ut
1465 529 1529 563 sibi
1547 541 1650 575 opem
1669 530 1840 564 conferret
1859 529 1905 564 ob
1925 542 1981 564 ae-

1162 587 1372 621 dificandam
1398 588 1489 633 apud
1517 599 1617 621 suum
1641 588 1888 621 monasterium
1909 599 1982 621 am-

1163 646 1255 692 plam
1270 645 1447 680 ecclesiam
1458 672 1465 685 ,
1482 657 1569 690 quae
1584 646 1678 690 regni
1694 646 1767 679 eius
1781 656 1983 679 monumen-

1164 710 1237 737 tum
1256 709 1362 742 esset;
1382 703 1666 749 quandoquidem
1685 703 1781 742 aula,
1800 703 1930 748 inquit,
1946 704 1981 736 in

1164 773 1231 807 qua
1243 761 1365 795 fratres
1375 767 1513 794 orantes
1523 761 1750 798 conveniunt,
1762 766 1905 805 angusta
1915 767 1978 794 est.

1165 820 1249 853 Item
1277 820 1376 864 petiit
1396 830 1510 852 arcem
1529 818 1603 852 fieri
1630 819 1793 853 adversus
1813 817 1983 852 barbaros

1164 877 1436 915 munimentum;
1455 887 1574 921 agrum
1593 888 1732 921 quoque
1752 874 1816 909 sibi
1835 875 1910 908 dari
1930 886 1983 909 se-

1165 933 1283 968 rendis
1301 927 1474 973 oleribus,
1495 934 1576 979 quia
1594 933 1647 966 his
1666 933 1764 966 unice
1784 932 1905 966 fratres
1925 944 1983 966 ve-

1166 998 1362 1027 scerentur:
1386 991 1511 1025 fossam
1531 991 1680 1036 denique
1698 990 1928 1029 circumduci,
1948 997 1983 1024 et

1166 1049 1201 1081 in
1215 1048 1327 1094 platea
1342 1048 1547 1094 palaestram
1562 1048 1662 1081 effici.
1680 1047 1739 1081 Cui
1755 1059 1908 1081 annuens
1922 1048 1983 1081 Im-

1167 1112 1307 1151 perator
1321 1114 1387 1139 ete.
1403 1105 1570 1151 Sequitur
1584 1104 1846 1151 aedificationis
1861 1104 1985 1138 descri-

1163 1163 1262 1210 pli0;
1282 1171 1361 1210 post
1380 1175 1488 1209 quam
1507 1163 1557 1196 sie
1572 1162 1693 1209 pergit
1713 1162 1890 1196 narrati0.
1919 1162 1983 1195 Ae-

1167 1220 1285 1255 dificio
1304 1222 1459 1267 incepto,
1481 1220 1728 1265 liminibusque
1747 1217 1985 1265 superioribus

1169 1280 1290 1325 positis
1317 1285 1418 1324 atque
1443 1278 1630 1316 columnis,
1653 1283 1810 1311 mortuus
1829 1283 1879 1311 est
1904 1276 1985 1310 reli-

1168 1338 1284 1382 giosus
1309 1338 1500 1383 imperator
1517 1336 1730 1370 Theodosius
1741 1349 1749 1377 3
1771 1336 1825 1369 cui
1843 1335 1986 1368 Marcia-

1169 1405 1235 1428 nus
1260 1395 1439 1438 suecessit3
1461 1400 1602 1439 eratque
1620 1405 1662 1427 eo
1682 1399 1837 1438 tempore
1863 1403 1985 1437 magna

1170 1451 1293 1491 fames,
1313 1459 1347 1486 et
1366 1453 1401 1486 in
1421 1452 1563 1487 ecclesia
1582 1452 1811 1498 perturbatio.
1838 1452 1931 1484 Tunc
1950 1451 1986 1483 in

1169 1510 1311 1543 exilium
1337 1510 1439 1555 pulso
1464 1510 1659 1555 patriarcha
1685 1508 1896 1555 (Dioscoro)
1925 1519 1986 1553 ap—

1170 1568 1284 1612 paruit
1298 1573 1418 1601 sancto
1431 1567 1566 1601 Poctori
1583 1567 1724 1612 angelus
1738 1566 1892 1603 Domini,
1909 1576 1987 1599 mo-

1171 1625 1314 1669 nuitque
1334 1630 1371 1658 ut
1390 1630 1529 1669 sumpto
1551 1635 1658 1670 pane,
1679 1622 1908 1669 patriarcham
1935 1623 1987 1655 in-

1170 1681 1312 1719 viseret,
1332 1688 1367 1716 et
1393 1688 1605 1715 moerentem
1626 1692 1704 1715 cum
1732 1681 1811 1714 filiis
1836 1681 1906 1714 suis
1932 1692 1989 1713 so-

1172 1738 1315 1773 laretur.
1336 1740 1414 1773 Sine
1429 1750 1526 1772 mora
1541 1740 1645 1784 igitur
1660 1738 1701 1772 ad
1717 1739 1826 1772 exulis
1841 1738 1987 1784 patriar-

1172 1796 1255 1830 chae
1279 1798 1462 1831 stationem
1488 1798 1651 1835 accessit3
1679 1808 1788 1841 eoque
1815 1796 1985 1834 salutato,

1173 1861 1290 1899 postea
1310 1855 1353 1888 de
1371 1866 1469 1888 more
1494 1855 1589 1888 venit
1608 1854 1651 1887 ad
1670 1853 1911 1899 metropolim:
1934 1853 1987 1886 cui

1173 1912 1243 1946 illic
1261 1912 1446 1946 demortuo
1472 1912 1572 1945 datus
1590 1917 1639 1944 est
1665 1921 1840 1944 successor
1860 1910 1895 1942 in
1914 1920 1990 1942 mo-

1173 1971 1324 2004 nasterio
1338 1969 1542 2003 Mardarius.
1559 1969 1690 2003 Deinde
1704 1969 1773 2002 vita
1788 1967 1927 2001 excessit
1943 1978 1990 2000 re-

1173 2027 1440 2061 verendissimus
1459 2033 1556 2073 pater
1571 2038 1667 2061 meus
1681 2027 1866 2060 Dioscorus
1878 2027 1913 2059 in
1927 2026 1991 2059 exi-

1174 2084 1242 2125 lio;
1271 2086 1367 2119 cuius
1393 2096 1448 2119 me
1474 2096 1704 2119 successorem
1720 2111 1728 2123 ‚
1756 2084 1886 2118 meritis
1912 2083 1992 2117 licet

1174 2144 1375 2182 contrariis,
1401 2144 1436 2177 in
1462 2143 1542 2177 sede
1567 2142 1790 2177 alexandrina
1815 2148 1987 2176 crearunt.

1175 2202 1261 2234 Exin
1280 2200 1368 2235 obiit
1386 2202 1576 2247 imperator
1594 2201 1802 2239 Marcianus,
1820 2200 1993 2245 regnavit-

1174 2269 1243 2302 que
1269 2264 1347 2304 post
1365 2270 1445 2292 eum
1464 2259 1553 2295 Leo:
1577 2269 1726 2303 moxque
1751 2258 1840 2290 intra
1864 2268 1992 2302 paucos

1176 2315 1248 2350 dies
1272 2316 1434 2350 ecclesiae
1460 2322 1642 2361 tempestas
1667 2315 1809 2360 quievit.

1247 2374 1388 2407 Sanctus
1415 2380 1528 2407 autem
1548 2384 1649 2407 senex
1668 2372 1859 2406 Mardarius
1884 2371 1994 2405 eccle-

1175 2432 1243 2465 siae
1277 2430 1472 2465 aedificium
1505 2428 1652 2464 absolvit
1688 2431 1744 2465 die
1775 2442 1831 2463 xx.
1866 2429 1993 2463 mensis

1176 2488 1275 2522 thoth
1286 2502 1293 2531 ς
1306 2500 1417 2534 neque
1428 2488 1671 2522 Alexandriam
1687 2487 1929 2522 tantummodo
1941 2499 1994 2521 ve-

1177 2547 1244 2585 nit,
1257 2545 1427 2591 nobisque
1439 2557 1511 2579 rem
1523 2545 1725 2591 significavit
1736 2571 1743 2584 ,
1758 2556 1879 2578 verum
1891 2545 1994 2578 etiam

1177 2603 1511 2649 Constantinopolim
1542 2614 1651 2647 usque
1678 2602 1720 2635 ad
1747 2602 1994 2646 Imperatorem

1178 2662 1345 2707 perrexit,
1361 2673 1464 2706 quem
1479 2662 1524 2694 ita
1539 2660 1673 2694 adlatus
1688 2666 1756 2693 est:
1773 2671 1814 2693 en
1829 2659 1901 2693 Deo
1918 2664 1994 2691 tua-

1179 2731 1246 2765 que
1270 2720 1445 2753 maiestate
1466 2719 1599 2753 favente
1612 2746 1619 2757 ,
1643 2719 1774 2764 templo
1793 2717 1993 2753 coronidem

1178 2778 1425 2822 imposuimus.
1448 2777 1543 2822 quod
1564 2778 1648 2822 imp.
1671 2777 1852 2810 Theodosii
1879 2777 1990 2808 iussu.

1178 2841 1211 2867 et
1242 2836 1347 2868 sancti
1379 2836 1531 2868 Poctoris
1561 2846 1642 2868 cura
1675 2841 1835 2880 coeptum
1868 2831 1989 2866 fuerat.
