2219 3322
329 191 398 224 500

320 267 440 296 limosae
463 269 609 297 ecclesium
628 269 720 296 tenuit
727 289 734 303 ,
756 267 911 304 multisque
933 268 1049 304 scriptis
1066 266 1189 305 claruit,
1211 270 1278 297 teste
1297 268 1472 304 Hieronymo
1488 266 1523 296 de
1538 266 1597 296 vir.
1617 267 1663 297 iu.
1682 275 1747 305 cap.
1770 267 1828 306 91,
1847 269 1901 298 sub
1920 269 2001 299 Con·-

316 323 420 349 stantio
446 322 517 359 imp.
541 321 722 350 Constantini
744 322 842 357 maqni
858 320 943 356 filie,
967 323 995 349 et
1013 320 1090 349 circa
1113 329 1219 349 annum
1244 321 1352 350 Christi
1371 321 1445 350 360.
1464 321 1547 350 obiit.
1574 321 1668 358 Atque
1684 323 1718 349 ut
1734 321 1851 351 titulum
1868 321 1999 352 alexan-

317 373 396 402 drini
413 375 539 412 episcopi
561 382 623 402 cum
649 382 774 401 emeseno
797 373 929 402 conciliet
935 395 944 410 ,
964 375 1058 402 utitur
1082 374 1219 403 laudatus
1240 374 1334 403 editor
1356 375 1475 411 eqreqia
1492 374 1524 402 in
1546 376 1669 411 speciem
1692 376 1820 411 ratione,
1842 374 1920 412 quod
1941 375 1995 412 illc

317 435 417 464 nempe
444 427 598 463 Eusebius,
623 429 690 454 teste
712 427 867 454 Sozomeno
890 426 957 455 hist.
981 426 1036 455 lib.
1061 427 1121 455 ΙΙΙ.
1144 427 1175 456 6.
1199 429 1228 456 in
1251 426 1358 464 synodo
1383 426 1552 455 antiochena
1567 436 1642 465 quae
1659 436 1734 455 anno
1753 426 1828 456 341.
1847 427 1994 457 celebrata

309 479 388 516 siat,
410 480 450 508 ad
465 480 666 517 capessendam
682 479 907 508 aleoeandrinam
923 480 1017 509 sedem
1040 481 1232 509 cxtimulatus
1247 480 1358 517 suerit,
1381 480 1441 509 loco
1459 482 1558 517 maqni
1574 480 1729 509 Athanasii
1751 480 1885 518 depulsi:
1905 490 1993 518 quam

316 532 458 560 Eusebius
480 532 649 569 diquitatem
674 540 763 569 quum
786 535 958 569 recusasset,
981 541 1016 561 ne
1034 533 1192 562 Athanasio
1216 533 1315 561 inritis
1334 532 1544 561 Alexandruzis
1563 533 1741 570 succederet,
1765 541 1924 562 emesenam
1941 542 1989 562 ec-

313 585 428 612 clesiam
447 584 602 620 reqendam
619 584 755 622 suscepit.
780 601 823 605 —
846 585 942 614 Recte.
967 585 1025 613 Sed
1041 587 1174 622 primum
1190 594 1315 623 quaero,
1339 587 1474 622 quoniam
1493 585 1540 614 hic
1556 585 1701 614 Eusebius
1720 593 1821 623 reapse
1839 585 1924 614 annis
1944 587 1992 614 vi-

313 638 402 673 qinti,
428 645 517 673 usque
541 637 581 665 ad
602 637 728 674 obitum,
751 645 897 666 emesenus
913 636 978 674 suit
998 646 1055 666 non
1077 638 1291 666 aleoearulrinus
1312 638 1479 675 episcopuS,
1505 647 1559 666 cur
1580 639 1611 666 in
1633 646 1806 675 qraeeorum
1828 646 1993 667 sermonum

313 689 458 717 codicibus
480 691 629 727 episcopus
652 691 699 719 rel
720 690 952 728 archiepiscopus
975 690 1188 719 alexandrinus
1208 691 1334 728 passini,
1357 699 1507 728 nunquam
1530 699 1598 720 vero
1625 699 1771 719 emesenus
1796 690 1992 719 inscribitur?

312 741 370 770 Sed
391 751 452 771 ecce
470 746 592 780 praeter
614 743 688 772 hanc
710 744 840 781 aliasque
865 745 1004 780 rationeS,
1032 752 1108 772 nunc
1130 744 1245 772 (ternum
1270 753 1309 772 ιω
1334 743 1545 772 vindobonensi
1571 752 1702 773 sermone
1727 742 1766 773 de
1794 742 1993 783 eleemosyna

312 796 388 822 circa
407 796 515 832 finem,
536 797 764 833 peremptorimn
786 799 887 824 contra
909 804 1069 824 emesenum
1087 796 1245 825 Eusebium
1263 800 1468 834 arqunzentum
1486 799 1650 834 torquetur.
1676 797 1821 825 Sermonis
1844 799 1920 826 enim
1937 805 1997 825 au·

312 851 373 876 ctor
399 848 540 877 Eusebius
562 851 657 877 noster
680 850 756 877 inter
778 848 898 886 dii-iles,
924 848 1030 886 quibus
1052 857 1133 886 opes,
1161 849 1267 878 nedum
1289 852 1465 886 nocuerunt,
1490 858 1593 878 verum
1617 851 1704 878 etiam
1725 852 1850 887 propter
1877 848 1993 878 dandae

312 901 506 939 eleemosynae
527 902 639 938 copiam
662 902 747 931 valde
761 900 956 939 prosuerunt,
977 903 1062 940 ponit
1085 905 1247 931 nuitronam
1272 902 1447 939 Melaniam,
1470 905 1499 931 et
1521 902 1638 940 quidem
1660 904 1695 931 iis
1717 902 1812 931 verbis
1835 911 1910 940 quae
1931 903 1991 930 iam

312 957 454 983 mortuam
478 963 536 982 csse
559 955 693 984 innuant.
719 954 776 984 Sec]
797 957 856 984 sire
873 955 908 984 (le
932 958 1047 984 mortua
1068 956 1204 993 loquatur
1221 957 1279 983 sice
1296 955 1331 984 (le
1348 958 1517 993 superstite,
1537 964 1661 994 prorsus
1683 958 1784 985 auctor
1805 964 1835 984 se
1857 963 1914 984 non
1932 964 1990 983 esse

314 1006 482 1036 Emesenum
501 1008 585 1037 illum
602 1009 790 1037 demonstrat.
810 1009 942 1046 Namque
961 1009 1132 1045 Emesenus,
1154 1012 1187 1037 ut
1202 1008 1343 1045 vidimus,
1361 1008 1460 1046 fitetus
1475 1008 1539 1046 suit
1554 1011 1704 1047 episcopus
1721 1017 1795 1037 anno
1813 1008 1871 1038 341
1887 1017 1895 1046 ;
1920 1008 1992 1037 Hie-

312 1069 447 1096 ronymus
470 1064 564 1089 autem
589 1070 637 1099 op.
658 1064 708 1090 cit.
730 1070 796 1099 cap.
816 1061 868 1090 91.
889 1062 965 1090 hune
980 1062 1153 1091 Emesenum
1169 1061 1222 1090 sub
1240 1062 1406 1091 Constantio
1425 1065 1571 1091 mortuum
1588 1062 1694 1091 diserte
1710 1061 1862 1099 adfirmat,
1882 1061 1935 1090 hoc
1950 1063 1993 1090 est

310 1115 376 1141 ante
399 1122 505 1142 cinnum
529 1117 604 1143 certe
629 1114 710 1152 361,
733 1124 788 1152 quo
812 1117 872 1152 ipse
897 1116 1081 1144 Constantius
1104 1115 1189 1145 obiit.

395 1167 458 1196 Iam
483 1171 514 1196 ut
535 1169 574 1197 ad
597 1169 755 1197 Melaniam
779 1171 943 1206 veniamus,
971 1169 1047 1197 (heac
1067 1168 1195 1206 ⁸sucu-unt
1217 1169 1269 1198 hoe
1291 1169 1420 1206 nomine,
1448 1171 1544 1199 senior
1566 1178 1667 1208 nempe
1691 1178 1725 1198 ac
1746 1170 1846 1197 iunior
1867 1168 1990 1197 senioris

310 1221 415 1257 neptis.
441 1221 485 1249 De
501 1225 624 1259 utraque
642 1224 705 1259 aqit
718 1222 877 1250 Palladius
895 1222 926 1250 in
942 1222 1009 1250 hist.
1031 1222 1175 1259 lausiaca,
1196 1231 1266 1260 opp.
1285 1223 1409 1252 Meursii
1427 1223 1460 1252 T.
1483 1223 1571 1252 VIII.
1588 1231 1623 1260 p.
1650 1223 1721 1252 117.
1740 1225 1772 1250 et
1788 1221 1859 1251 120.
1879 1221 1994 1251 Ambae

310 1272 414 1301 tlz'vites
430 1272 572 1310 ficerunt,
596 1277 623 1302 et
644 1275 893 1312 eleemosynarum
915 1274 1120 1311 larqitionibus
1140 1274 1277 1303 celebres.
1301 1275 1404 1303 Senior
1424 1274 1532 1303 dicitur
1553 1283 1571 1302 a
1591 1274 1733 1303 Palladio
1754 1275 1877 1312 coepisse
1899 1273 1989 1301 vitam

310 1327 458 1354 asceticam
482 1326 536 1354 sab
562 1327 679 1355 I‘alente
701 1329 790 1364 imp.,
814 1329 841 1355 et
863 1328 946 1355 annis
969 1326 1065 1355 adhue
1086 1326 1139 1356 37.
1158 1325 1351 1364 superfuisse.
1377 1327 1481 1356 Iunior
1503 1336 1606 1356 coaeva
1622 1326 1686 1364 suit
1708 1335 1746 1356 ss.
1765 1327 1942 1363 Hieronymo
1961 1327 1991 1353 et

310 1378 485 1415 Auqustino.
512 1378 590 1414 Quia
613 1388 681 1417 erqo
704 1382 800 1408 noster
816 1379 960 1408 Eusebius
980 1379 1111 1407 meminit
1131 1379 1280 1408 Melaniae
1303 1380 1439 1417 (etiamsi
1455 1378 1537 1417 forte
1559 1379 1720 1416 senioris),
1739 1379 1812 1416 fieri
1834 1379 1933 1415 nequit
1955 1379 1990 1405 ut

309 1432 347 1458 sit
369 1432 429 1468 ipse
452 1439 598 1459 emesenus
615 1431 773 1468 Eusebius,
798 1433 848 1469 qui
861 1432 932 1470 ptus
947 1431 1146 1469 quadrayinta
1168 1434 1252 1460 annis
1275 1435 1341 1461 ante
1359 1434 1451 1469 ipsius
1468 1432 1615 1461 Melaniae
1631 1434 1751 1460 mortem
1768 1440 1783 1459 e
1799 1432 1872 1459 vivis
1887 1437 1987 1459 exces—

307 1487 400 1520 serat,
421 1484 565 1521 siquidem
588 1484 658 1513 haec
681 1485 795 1514 nonnisi
818 1487 899 1514 initio
923 1487 1018 1523 quinti
1039 1485 1150 1514 saeculi
1170 1488 1291 1514 mertem
1314 1494 1379 1514 eum
1401 1487 1462 1514 vita
1484 1487 1686 1522 commutavit,
1710 1487 1743 1513 ut
1760 1493 1798 1513 ex
1813 1486 1880 1512 ante
1903 1483 1987 1512 dictis

308 1537 469 1574 colitqitur.
496 1538 588 1566 Innno
604 1538 735 1567 Melania
757 1547 792 1567 ne
815 1539 1002 1575 eleemosynis
1019 1538 1136 1576 quidem
1158 1539 1316 1567 clarescere
1339 1540 1447 1576 coepit,
1469 1540 1527 1568 nisi
1544 1538 1669 1567 Eusebio
1688 1546 1814 1566 emeseno
1833 1539 1892 1566 iam
1909 1544 1988 1565 mor-

309 1592 373 1626 tuo,
401 1593 436 1618 ut
458 1592 525 1619 item
550 1599 588 1619 ez
613 1591 698 1619 dictis
715 1594 810 1628 patet.
836 1591 905 1620 Alia
934 1599 1046 1628 quoque
1070 1591 1225 1627 accedunt,
1250 1600 1427 1629 quamquam
1452 1591 1570 1620 minime
1593 1591 1770 1627 necessaria,
1799 1591 1983 1627 aryumenta.

308 1643 382 1671 Nam
407 1643 443 1671 cle
465 1643 517 1672 illo
541 1644 680 1672 Emesena
700 1644 893 1681 Hieronymus
917 1645 946 1672 in
969 1643 1101 1672 chronico
1125 1643 1165 1672 ad
1183 1644 1294 1673 Christi
1314 1653 1422 1673 annum
1443 1644 1518 1673 351.
1539 1643 1660 1672 scribit:
1685 1641 1837 1672 Eusebius
1859 1641 1984 1681 episco-

307 1702 367 1733 pus
390 1703 550 1725 emesenus
565 1696 683 1726 arianae
700 1695 829 1734 signifer
851 1695 996 1726 factionis
1018 1695 1117 1726 multa
1135 1698 1167 1726 et
1186 1696 1274 1726 varia
1297 1695 1479 1726 conscribit.
1505 1697 1580 1725 Item
1601 1696 1683 1734 apud
1697 1696 1770 1725 alios
1788 1698 1911 1731 veteres,
1929 1694 1984 1723 So-

307 1750 430 1785 cratem,
452 1749 658 1786 Sozomenuni,
682 1752 711 1778 et
733 1749 871 1778 Photium
895 1749 958 1777 cod.
982 1748 1078 1786 242,
1101 1752 1255 1777 accusatur
1278 1749 1434 1778 Emeseuus
1456 1749 1492 1778 de
1514 1749 1746 1785 sabellianisnzo,
1770 1751 1797 1776 et
1817 1747 1852 1776 cle
1874 1748 1983 1784 impiae

307 1801 482 1838 astroloqiae
498 1802 709 1839 superstitione.
736 1802 826 1839 Atqui
842 1805 938 1830 noster
953 1810 1125 1839 qraecorum
1141 1804 1243 1830 czicctor
1257 1811 1418 1832 sermonum
1434 1802 1594 1839 Eusebius,
1618 1811 1688 1840 quos
1704 1801 1904 1838 (Iuocteriqinti
1924 1802 1983 1829 iani

307 1853 519 1891 impressimus,
541 1855 648 1893 ubique
663 1855 842 1884 orthodoxus
857 1856 990 1892 imprime
1013 1857 1069 1891 est,
1091 1857 1119 1884 et
1135 1856 1212 1883 omni
1228 1855 1356 1892 haeresi,
1382 1855 1488 1884 nedum
1506 1856 1565 1884 illis
1582 1857 1752 1891 teterrimis,
1770 1863 1895 1892 prorsus
1910 1854 1988 1882 alie·

307 1915 372 1935 nus.
398 1907 443 1936 Ab
461 1908 635 1946 astrotoqiae
655 1911 751 1937 autem
770 1910 890 1936 crimine
911 1910 1023 1936 tantum
1040 1907 1124 1936 abest
1144 1908 1304 1946 Eusebius,
1323 1911 1358 1937 ut
1378 1917 1454 1937 nunc
1474 1910 1535 1936 eius
1555 1916 1714 1937 sermonem
1732 1916 1782 1936 nos
1799 1907 1984 1944 clioutqemus

307 1962 406 1987 contra
428 1960 512 1988 ittam
535 1962 688 1989 vanitatem
708 1960 744 1989 ab
762 1969 793 1989 eo
809 1962 964 1997 scriptum,
986 1964 1055 1988 κατὰ
1080 1961 1268 1998 &erpo-adytum
1292 1964 1412 1998 praeter
1431 1969 1519 1998 quam
1537 1960 1616 1998 quod
1634 1969 1763 1988 sermone
1786 1962 1873 1988 etiam
1893 1957 1979 1987 ’VII’

307 2022 324 2040 a
348 2012 428 2041 nobis
451 2015 517 2041 item
542 2013 618 2041 edito
643 2015 727 2041 varia
748 2015 985 2051 superstitionum
1007 2023 1115 2051 =(fenera,
1140 2016 1506 2052 niciqnopere.insectatur.
1532 2015 1664 2051 Denique
1690 2013 1825 2042 Emeseni
1846 2013 1937 2041 vitam
1963 2021 1982 2041 o:

309 2066 432 2103 Georqio
456 2066 610 2095 laodicensi
631 2067 770 2103 scriptam
787 2066 881 2104 stcisse
904 2069 1048 2096 testantur
1068 2067 1199 2096 Socrates
1222 2070 1250 2096 et
1271 2068 1463 2104 sozomenus,-
1488 2069 1518 2095 at
1540 2067 1730 2096 aleoeandrini
1755 2068 1847 2095 nostri
1868 2068 1976 2101 vitam,

305 2121 421 2147 auctore
444 2119 572 2148 Iohanne
595 2121 724 2155 notario,
750 2128 801 2148 nos
826 2121 883 2156 ipsi
909 2120 1070 2149 extulimus
1092 2129 1131 2148 ea:
1153 2119 1248 2148 codice
1270 2120 1414 2149 vaticano.
1440 2119 1499 2148 Sed
1519 2119 1577 2148 iam
1601 2120 1692 2157 plura
1717 2119 1813 2147 dicere
1835 2118 1911 2147 nihil
1931 2119 1980 2146 in-

307 2174 411 2199 terest:
435 2173 542 2209 quippe
565 2180 737 2209 qraccorum
759 2171 862 2200 horum
882 2181 991 2210 parens
1013 2181 1192 2209 sermonum,
1218 2181 1275 2201 non
1299 2175 1340 2201 est
1363 2172 1507 2201 Eusebius
1531 2181 1677 2201 emesenae
1704 2172 1786 2200 urbis
1810 2172 1976 2208 episcopus,-

306 2223 400 2252 obslat
421 2225 514 2261 enim,
534 2227 567 2253 ut
588 2225 669 2261 dixi,
695 2228 856 2263 temporum
881 2228 974 2254 ratio:
995 2234 1171 2263 quamquam
1194 2228 1321 2254 nostr-um
1343 2228 1372 2254 et
1391 2225 1486 2262 quinti
1501 2226 1610 2254 saeculi
1633 2225 1790 2261 hominem,
1812 2227 1839 2253 et
1860 2225 1983 2261 utrique

300 2276 367 2313 scre
390 2277 538 2306 Mel'aniae
559 2278 740 2307 *interiectum
764 2278 944 2315 iudicamus,
966 2280 1102 2316 quoniam
1124 2287 1181 2307 non
1198 2278 1272 2306 duas
1293 2278 1344 2306 sed
1365 2287 1453 2307 unam
1474 2280 1617 2314 nominat,
1641 2278 1674 2307 id
1695 2281 1737 2306 est
1750 2281 1785 2306 ut
1800 2286 1866 2306 reor
1879 2278 1978 2306 senio-

307 2338 378 2358 rem.
407 2330 467 2357 Cur
488 2339 555 2358 rero
579 2333 637 2359 tani
660 2334 821 2359 constanter
844 2333 872 2359 in
896 2331 1041 2359 codicibus
1064 2331 1179 2359 dicatur
1201 2330 1435 2368 archiepiscopus
1456 2331 1684 2367 aleoeandrinus,
1711 2332 1764 2359 etsi
1785 2330 1815 2359 in
1839 2330 1980 2367 cataloyis

305 2382 386 2410 illius
403 2382 477 2410 seclis
494 2391 550 2410 non.
567 2385 659 2419 extet,
681 2382 732 2411 diu
749 2392 800 2411 nos
815 2385 940 2420 satisque
956 2385 986 2411 in
1004 2383 1157 2420 praedicto
1174 2382 1325 2420 Spieileqii
1340 2383 1484 2412 columine
1501 2383 1723 2420 disputavimus.
1748 2383 1811 2412 Hoc
1826 2391 1916 2411 unum
1934 2385 1979 2410 ta-

305 2444 369 2464 men
391 2443 445 2463 non
470 2434 643 2463 incommode
659 2434 814 2472 addemus,
839 2436 1049 2473 Hieronymum
1068 2435 1179 2464 scilicet
1195 2438 1225 2464 in
1242 2435 1374 2464 chronico
1391 2436 1431 2464 ad
1449 2435 1502 2464 Ch.
1524 2445 1572 2464 an.
1597 2436 1672 2473 331.
1688 2445 1799 2473 ponere
1816 2435 1976 2464 Eusebium

308 2487 478 2525 l'hamphili
502 2489 576 2516 inter
598 2496 644 2516 eos
667 2490 717 2525 qui
739 2488 925 2525 aliquanuliu
947 2487 1145 2517 autiocherutm
1163 2488 1312 2517 ecclesiam
1330 2491 1552 2526 occupat-erunt.
1580 2490 1640 2517 Cur
1662 2489 1709 2525 id,
1730 2478 1871 2526 inquam.⁹
1894 2488 1975 2517 aul-

306 2541 363 2569 lam
387 2544 463 2569 certe
486 2541 574 2569 aliam
598 2540 634 2569 ob
656 2549 770 2569 causam
795 2550 883 2578 quam
906 2543 975 2578 quia
997 2541 1038 2569 ad
1059 2550 1121 2569 eam
1145 2541 1239 2570 sedem
1262 2543 1335 2570 votis
1357 2541 1599 2570 Antiochenorum
1617 2540 1684 2579 suit
1705 2542 1825 2578 electus,
1848 2550 1899 2570 seu
1920 2549 1975 2569 ex·-

299 2595 425 2630 petitus,
446 2596 478 2622 ut
501 2594 648 2622 evidenter
670 2597 779 2622 constat
801 2603 839 2622 ex
857 2596 917 2631 ipso
935 2594 1059 2622 Eusebio
1075 2596 1127 2623 rit.
1149 2595 1245 2624 Consi.
1266 2594 1319 2623 lib.
1341 2594 1403 2623 III.
1425 2594 1549 2632 60-62,
1570 2598 1596 2623 et
1614 2603 1653 2623 ex
1666 2595 1782 2624 Socrate
1798 2594 1851 2624 lib.
1870 2594 1898 2622 I.
1919 2593 1974 2623 24.

303 2646 342 2673 Et
365 2646 481 2683 quidem
499 2646 534 2674 de
550 2646 604 2675 hac
628 2655 658 2674 re
681 2648 791 2683 copiose
808 2647 845 2675 P.
872 2646 1007 2675 Boschius
1023 2649 1052 2675 in
1069 2647 1312 2684 patriarcharum
1330 2646 1455 2676 antioch.
1478 2648 1610 2686 cataloqo
1630 2656 1663 2685 p.
1685 2647 1738 2677 42.
1757 2657 1800 2685 sq.
1824 2647 1977 2677 Recusam't

303 2701 397 2727 tamen
421 2708 484 2728 eam
507 2699 677 2737 (Itquitatem
695 2699 838 2728 Eusebius
856 2699 1021 2737 Pamphili,
1043 2703 1076 2729 ut
1098 2700 1325 2729 alexandrinam
1351 2700 1515 2730 Emesenus.
1543 2701 1660 2739 Erqone
1679 2701 1753 2739 pari
1773 2703 1838 2730 iure
1859 2701 1980 2729 dicetur

303 2754 438 2788 uterquc,
461 2752 511 2781 ille
534 2752 738 2789 antiochenus,
760 2751 807 2781 hie
827 2752 1038 2780 alexandrinus
1061 2755 1232 2790 episcopus?
1256 2754 1371 2782 Utinam
1389 2753 1442 2781 hoc
1463 2757 1667 2791 arqunzentum
1684 2755 1754 2782 satis
1770 2754 1895 2790 valeret,
1916 2761 1973 2790 quo

296 2805 384 2839 steret
399 2808 430 2833 ut
447 2805 570 2834 Eusebii
585 2807 642 2834 mei
663 2807 820 2843 antiquitas
837 2808 1014 2843 auqeretur!
1038 2806 1199 2842 Quonu'nus
1216 2810 1309 2835 tamen
1327 2809 1358 2835 in
1377 2806 1451 2835 hanc
1465 2809 1633 2836 sententiam
1651 2807 1778 2844 pedibus
1792 2805 1871 2843 eam,
1892 2807 1975 2835 uncis

304 2863 346 2885 nze
369 2857 577 2895 quodammodo
600 2858 732 2889 Melania
755 2860 846 2896 tenet,
866 2867 931 2888 cum
953 2860 1054 2888 ceteris
1077 2868 1150 2898 quae
1174 2859 1306 2889 recensui
1327 2859 1444 2890 criticae
1466 2861 1539 2889 artis
1560 2862 1589 2890 et
1610 2859 1747 2890 historiae
1768 2859 1896 2890 indiciis.
