2219 3322
792 217 833 240 DE
859 216 1021 239 BAPTISMO
1048 215 1175 238 cltnlsTl
1201 216 1307 237 SERMO
1334 217 1356 237 1.

230 283 309 317 nisti
331 282 389 317 ubi
407 294 497 316 eras:
517 289 553 316 tu
567 280 722 316 Verbum
740 282 798 326 qui
820 281 927 315 factus
942 292 978 314 es
992 291 1049 314 ca-

232 353 289 378 r0.
315 341 375 375 sed
402 352 473 374 uon
499 341 534 373 in
561 351 697 373 caruem
725 345 895 372 mutatus:
925 344 960 372 tu
988 337 1046 382 qui

232 396 428 431 inhabitasti
448 398 479 430 in
499 395 616 433 nobis,
635 402 668 430 et
687 396 873 441 apparuisti
893 396 959 428 tuis
978 406 1046 428 ser-

231 457 282 488 vis
302 456 335 488 in
357 455 444 488 servi
466 454 596 487 forma:
618 460 653 487 tu
680 454 738 498 qui
765 453 848 486 caeli
870 459 1048 496 terraeque

231 524 379 557 acquum
399 512 507 546 fecisti
527 517 678 545 meatum
695 522 756 556 per
775 516 929 543 sanctum
950 516 1048 543 tuum

231 581 376 603 nomen:
396 575 432 602 tu
452 569 574 602 venisti
593 567 637 601 ad
656 579 710 601 me
730 573 844 600 tantus
862 566 906 600 ad
924 566 1045 605 talem,

233 638 291 660 rex
309 627 352 660 ad
368 636 626 672 praecursorem
638 650 645 662 ,
662 624 823 658 dominus
838 624 879 657 ad
894 635 1045 658 servum.

231 683 297 717 Sed
317 684 395 717 licet
415 690 451 716 tu
472 684 505 716 in
525 681 714 715 humilibus
732 683 901 715 mensuris
926 681 1049 715 huma-

231 742 283 774 nis
309 741 397 775 effiei
424 752 495 773 uon
517 739 707 777 erubuisti,
730 750 794 784 ego
822 746 935 773 tamen
954 750 1049 772 men-

229 809 346 832 suram
378 804 520 831 naturae
552 808 648 830 meae
677 797 871 842 transgredi
898 808 1045 841 nequeo.

231 855 308 888 Scio
328 860 455 899 quauta
481 855 523 887 sit
549 853 743 887 differentia
764 853 916 899 pulveris
941 860 973 887 et
1000 854 1050 886 fa-

231 911 354 945 ctoris:
381 911 450 944 scio
476 917 603 956 quanta
630 911 823 944 melioratio
849 911 889 944 sit
910 910 991 943 solis
1017 916 1049 943 et

230 968 392 1002 iustitiae.
410 968 499 1001 Licet
516 967 683 1001 mundani
699 967 790 1001 nube
804 968 959 1013 corporis
973 967 1051 1000 ami-

230 1031 306 1058 ctus
331 1025 393 1061 sis,
418 1024 583 1070 intellego
610 1031 705 1059 tuum
734 1025 945 1063 dominium,
968 1036 1051 1058 con-

191 1086 197 1091 '
232 1081 334 1115 {iteor
360 1092 471 1115 meam
500 1082 722 1120 servitutem,
753 1082 914 1127 praedico
939 1093 1050 1115 meam

232 1140 466 1184 exiguitatem.
488 1140 567 1173 Non
587 1151 662 1173 sum
683 1139 807 1184 dignus
826 1139 960 1172 solvere
976 1150 1050 1172 cor-

231 1197 354 1242 rigiam
380 1196 593 1230 calciamenti
619 1197 688 1235 tui,
710 1203 742 1230 et
762 1196 942 1241 quomodo
968 1207 1051 1230 eon-

233 1254 362 1299 tingam
376 1260 533 1286 sanctum
548 1260 645 1287 tuum
659 1253 785 1298 caput?
799 1253 978 1298 quomodo
992 1265 1051 1286 ex-

234 1311 374 1344 tendam
399 1310 578 1344 dexteram
603 1323 707 1357 super
732 1317 784 1349 te,
813 1311 872 1356 qui
898 1310 1051 1345 extendis

234 1368 367 1402 caelum
387 1369 473 1401 sicut
493 1368 643 1413 pellem?
658 1368 838 1413 quomodo
857 1367 1049 1414 expandam

233 1426 377 1459 serviles
402 1437 498 1459 meos
524 1426 651 1471 digitos
676 1426 795 1459 dix-ino
822 1432 881 1459 tuo
907 1426 1050 1459 xertici?

233 1484 414 1529 quomodo
431 1485 542 1517 lavem
560 1484 818 1518 immaculatum
834 1490 866 1517 et
884 1485 956 1517 sine
972 1495 1052 1529 pee-

233 1548 310 1575 cato
336 1540 544 1575 domiuum?
570 1541 750 1586 quomodo
778 1541 970 1574 illuminem
997 1541 1052 1574 lu-

233 1599 336 1632 men?
356 1599 496 1643 qualem
516 1598 637 1632 faciam
656 1599 850 1632 orationem
875 1609 979 1643 super
998 1604 1048 1636 te,

231 1656 290 1701 qui
311 1656 454 1700 suscipis
473 1661 505 1688 et
525 1656 760 1700 ignorantium
773 1654 1052 1689 obsecrationes?

233 1713 328 1747 Alios
354 1712 491 1758 baptizo
517 1713 552 1746 in
579 1714 720 1747 nomine
747 1719 827 1752 tuo,
847 1718 885 1746 ut
910 1712 1053 1746 credant

231 1773 266 1805 in
295 1778 346 1809 te,
375 1772 435 1816 qui
462 1777 541 1817 post
567 1783 621 1805 me
646 1772 768 1808 venis:
797 1777 829 1805 te
855 1770 1049 1817 baptizans,

233 1830 329 1863 cuius
348 1840 484 1862 memor
503 1840 563 1863 ero
577 1855 585 1866 ,
609 1830 644 1863 in
663 1830 759 1863 cuius
780 1829 920 1863 nomine
940 1835 972 1863 te
990 1828 1052 1863 ba-

234 1887 380 1933 ptizem?
399 1888 437 1920 In
458 1888 589 1932 patris?
605 1887 665 1921 sed
684 1893 796 1921 totum
815 1894 948 1933 patrem
967 1888 1001 1920 in
1022 1894 1053 1921 te

235 1944 358 1981 habes,
382 1950 414 1977 et
440 1950 533 1977 totus
558 1944 673 1977 existis
698 1945 734 1977 in
761 1950 869 1989 patre.
899 1945 938 1977 In
966 1943 1052 1977 filii?

233 2002 293 2036 sed
320 2013 389 2035 non
417 2008 468 2035 est
490 2001 577 2035 alius
604 2007 741 2046 praeter
767 2007 799 2034 te
825 2001 991 2035 naturalis
1011 2000 1053 2035 fi-

235 2060 300 2093 lius
319 2060 391 2092 Dci.
415 2059 452 2091 In
472 2058 616 2104 Spiritus
635 2058 767 2091 sancti?
791 2057 850 2091 sed
869 2064 982 2091 tecum
1002 2064 1052 2091 est

234 2128 370 2162 semper
390 2117 475 2149 sicut
495 2115 796 2149 consubstantialis
815 2126 874 2149 seu
892 2116 1053 2161 omnipo-

236 2181 325 2211 tens,
344 2173 445 2207 simul
467 2179 499 2206 et
519 2179 632 2206 tecum
647 2173 789 2218 suscipit
803 2172 959 2206 omnium
974 2183 1053 2206 ora-

234 2234 357 2267 tiones.
379 2232 515 2277 Baptiza
535 2232 604 2265 iam
623 2242 696 2269 me,
713 2232 740 2264 si
761 2237 798 2265 tu
815 2231 867 2265 vis
886 2231 1049 2269 Domine,

235 2289 367 2335 baptiza
383 2288 567 2335 baptistam
578 2315 586 2326 ,
601 2300 765 2334 regenera
778 2299 883 2334 quem
898 2288 989 2322 nasci
1004 2288 1052 2322 fe-

235 2347 330 2383 cisti,
363 2347 474 2379 exime
505 2344 695 2380 terribilem
727 2352 820 2379 tuam
851 2345 1026 2379 dexteram
1042 2372 1049 2384 ,

234 2415 338 2449 quam
359 2409 395 2436 tu
415 2402 549 2437 tibimet
568 2403 760 2449 perfecisti,
778 2410 812 2438 et
830 2415 958 2437 corona
978 2403 1053 2449 pal-

235 2461 300 2493 mis
326 2472 442 2493 meum
468 2466 592 2505 caput,
621 2466 657 2494 ut
684 2465 761 2494 ante
788 2467 885 2495 tuum
912 2472 1053 2494 currens

235 2529 398 2563 regnum,
420 2518 506 2551 sicut
529 2528 734 2562 praecursor
754 2517 836 2551 solis
855 2525 887 2552 te
905 2530 1053 2563 evange-

235 2575 334 2608 lizem
353 2574 592 2621 peccatoribus
604 2601 611 2613 ,
629 2575 780 2609 clamans
797 2576 846 2610 eis
864 2582 897 2609 et
916 2576 1049 2609 dicens:

233 2644 311 2666 ecce
324 2643 431 2677 agnus
445 2632 504 2665 Dei
516 2658 524 2670 ,
538 2643 616 2666 ecce
629 2633 688 2677 qui
703 2633 794 2666 tollit
807 2639 944 2679 peccata
959 2645 1054 2667 mun-

234 2689 281 2723 di.
311 2689 469 2722 Iordanis
496 2689 621 2722 fluvius
647 2690 811 2723 comitare
837 2701 992 2728 mecum,
1019 2697 1053 2724 et

233 2745 335 2779 simul
363 2745 477 2779 exulta
505 2752 536 2778 et
564 2757 746 2780 commove
768 2747 950 2791 vigilanter
975 2759 1054 2781 ver-

234 2804 356 2848 tigines
382 2802 679 2848 quemadmodum
705 2803 948 2837 exultationes:
975 2810 1054 2838 tuus

235 2861 325 2894 enim
345 2860 459 2906 opifex
481 2861 611 2894 assistet
633 2860 693 2894 tibi
714 2873 792 2895 cum
811 2872 971 2907 corpore.
995 2862 1053 2895 Vi-

1846 202 1914 235 555

1102 279 1182 312 (listi
1208 279 1334 313 Israhel
1364 291 1424 324 per
1445 285 1475 312 te
1495 284 1726 311 transeuntem
1752 283 1783 310 et
1806 276 1920 323 [dspi-

1103 336 1240 370 dentem
1269 343 1342 370 tuas
1369 348 1491 382 aquas,
1515 342 1547 369 et
1567 335 1688 368 stetisti
1715 334 1834 380 populi
1862 346 1921 367 ex-

1105 400 1243 439 pectans
1271 395 1470 427 transitum:
1493 404 1583 427 nune
1603 398 1716 426 autem
1742 391 1920 425 effundere

1104 451 1250 485 xalidius
1277 458 1309 484 et
1336 451 1441 485 fluere
1468 456 1498 484 ct
1527 451 1776 495 circumsepere
1801 449 1922 481 imma-

1104 509 1224 543 culatis
1256 508 1421 542 membris
1451 509 1535 542 eius.
1564 509 1605 541 Et
1636 514 1716 541 tune
1744 506 1923 540 llebraeus

1105 566 1348 600 transfretavit.
1378 567 1510 600 Montes
1536 572 1569 599 et,
1595 565 1716 601 colles.
1747 565 1922 609 vallesque

1104 629 1137 657 et
1165 630 1352 661 torrentes,
1380 635 1474 656 mare
1501 629 1534 656 et
1561 623 1703 656 flumina
1730 621 1922 655 benedicite

1104 681 1307 719 Dominum,
1324 681 1381 726 qui
1397 674 1549 714 ascendit
1566 680 1727 713 tluxâ€˜ium:
1745 681 1816 726 ipse
1830 680 1921 713 enim

1105 738 1207 772 herus
1239 737 1347 771 laticis
1380 738 1589 783 supermittit
1623 738 1835 770 sanctitatem
1870 737 1923 770 his

1105 796 1214 840 aquis.

1177 853 1211 886 3.
1241 852 1460 899 Respondeas
1477 854 1494 886 I
1498 865 1573 886 esus
1586 853 1682 885 dimit
1696 852 1746 885 ad
1762 864 1860 885 eum:
1877 851 1923 884 ,Ï„á½·-

1105 922 1147 942 ne
1159 909 1280 946 modo,
1299 910 1349 942 sie
1362 910 1453 942 enim
1470 919 1603 956 oporte!
1618 922 1678 942 1105
1694 909 1837 956 implere
1851 922 1922 942 om-

1105 979 1183 999 nem
1211 966 1399 1000 instill'am.
1431 968 1508 1001 Sine
1534 967 1658 1004 modo:
1679 967 1846 1003 concede,
1864 966 1923 1000 ba-

1106 1026 1225 1070 ptista,
1250 1026 1415 1070 temporis
1430 1037 1524 1059 meae
1543 1025 1805 1070 dispensationis
1820 1025 1924 1057 silen-

1105 1083 1205 1115 tium.
1225 1083 1320 1115 Disce
1335 1082 1369 1115 id
1383 1083 1478 1126 quod
1495 1095 1558 1127 ego
1572 1083 1653 1116 xolo
1665 1109 1672 1119 ,
1690 1082 1781 1115 disce
1795 1082 1924 1115 obtem-

1107 1151 1228 1186 perare
1248 1140 1291 1173 ad
1310 1152 1348 1174 ea
1367 1152 1454 1185 quae
1475 1152 1599 1185 cogor.
1621 1147 1653 1173 et
1681 1152 1748 1173 uon
1770 1141 1924 1186 inquire-

1107 1209 1143 1231 re
1161 1209 1248 1242 quae
1267 1209 1332 1243 ego
1351 1199 1478 1243 cogito.
1509 1199 1586 1231 Sine
1612 1198 1739 1234 modo,
1767 1198 1923 1231 nondum

1107 1266 1218 1288 meam
1238 1255 1414 1300 praedices
1429 1255 1609 1291 deitatem,
1629 1255 1785 1288 noudum
1805 1254 1925 1288 decan-

1107 1318 1155 1346 tes
1174 1311 1274 1345 labiis
1293 1324 1407 1346 meum
1436 1324 1598 1357 regnum,
1622 1318 1657 1345 ut
1684 1323 1753 1345 non
1773 1312 1924 1346 sentiens

1107 1376 1273 1415 tyrannus
1298 1370 1457 1415 effugiat:
1478 1370 1537 1403 sed
1557 1381 1692 1403 meeum
1713 1371 1807 1415 eupit
1827 1381 1924 1403 com-

1106 1428 1241 1461 mittere
1257 1427 1403 1461 bellum.
1420 1429 1560 1461 Dimitte
1576 1427 1755 1461 diabolum
1771 1427 1812 1461 ad
1830 1440 1923 1473 prac-

1106 1496 1183 1518 seus
1207 1485 1292 1518 mihi
1319 1485 1414 1519 adire
1434 1491 1467 1518 ct
1486 1485 1616 1520 bellare
1641 1491 1674 1518 et
1700 1486 1853 1531 accipere
1873 1485 1923 1519 le-

1107 1543 1281 1576 nissimam
1307 1543 1455 1588 plagam.
1486 1543 1623 1576 Dimitte
1643 1543 1786 1588 implere
1812 1544 1922 1577 inten-

1107 1604 1200 1638 tum,
1223 1611 1286 1645 pro
1312 1612 1383 1644 quo
1409 1600 1530 1633 adveni
1550 1611 1653 1645 super
1681 1606 1819 1633 terram.
1848 1601 1924 1645 My-

1107 1658 1250 1690 sterium
1275 1657 1342 1690 hoc
1366 1656 1461 1702 quod
1481 1656 1585 1690 hodie
1611 1658 1644 1690 in
1673 1657 1819 1691 Iordane
1845 1657 1925 1691 fini-

1108 1720 1164 1748 tur
1191 1715 1222 1753 ',
1245 1720 1414 1748 secretum
1440 1715 1524 1748 mihi
1550 1720 1583 1748 et
1609 1716 1693 1748 meis
1720 1715 1924 1760 mysterium

1107 1778 1173 1805 est:
1198 1784 1269 1806 non
1295 1784 1411 1806 meum
1438 1784 1525 1818 opus
1551 1772 1764 1818 adimplens,
1785 1772 1844 1806 sed
1871 1784 1924 1806 sa-

1107 1831 1283 1864 nationem
1309 1830 1496 1864 vulneratis
1519 1829 1697 1864 adhibens.
1723 1831 1925 1875 Mysterium

1107 1887 1221 1932 magni
1241 1888 1393 1933 mysterii
1420 1889 1486 1921 mei
1513 1887 1638 1921 lavacri
1663 1899 1868 1933 praecursor
1892 1894 1925 1921 et

1108 1945 1297 1989 auspicium
1310 1951 1360 1978 est
1375 1945 1591 1989 mysterium.
1615 1945 1652 1977 In
1668 1945 1720 1978 his
1734 1945 1830 1989 aquis
1845 1956 1924 1990 per-

1107 2000 1261 2034 scribens
1280 2000 1460 2035 hominum
1479 2003 1755 2047 regenerationes
1770 2001 1924 2036 caelestis

1108 2058 1228 2091 laticis.
1247 2060 1324 2092 Sine
1338 2059 1457 2092 modo.
1480 2059 1627 2099 Quando
1641 2070 1696 2092 me
1710 2059 1836 2093 videris
1851 2060 1923 2093 Deo

1107 2115 1300 2150 decibiliter
1325 2116 1340 2131 â´*
1366 2117 1400 2150 in
1426 2118 1510 2151 meis
1539 2117 1678 2150 facturis
1711 2116 1807 2162 quod
1837 2116 1922 2150 mihi
1958 2128 1973 2170 *Q

1109 2173 1219 2218 placet
1238 2180 1438 2219 operantem
1452 2201 1459 2212 ,
1477 2180 1558 2207 tune
1572 2175 1605 2207 in
1621 2174 1759 2207 facturis
1773 2174 1923 2219 hymnos

1108 2231 1331 2276 compagina:
1360 2231 1501 2276 quando
1527 2242 1583 2264 me
1608 2231 1736 2265 videris
1767 2230 1923 2277 leprosos

1107 2288 1352 2326 mundantem,
1377 2294 1458 2322 tunc
1485 2300 1539 2322 me
1566 2295 1756 2322 creatorem
1783 2295 1925 2322 naturae

1108 2357 1360 2379 commemora:
1381 2346 1521 2391 quando
1547 2358 1601 2379 me
1627 2346 1755 2380 videris
1781 2346 1923 2379 claudos

1107 2414 1264 2436 cursores
1275 2402 1524 2448 perficientem,
1536 2409 1616 2436 tune
1629 2403 1923 2437 commoventium

1107 2460 1236 2506 pedum
1257 2461 1286 2499 â¹,
1308 2467 1341 2494 et
1361 2467 1397 2494 tu
1417 2460 1458 2494 ad
1480 2472 1553 2499 nie,
1576 2460 1697 2494 claude
1715 2461 1850 2505 lingua.
1872 2471 1923 2493 ar-

1108 2519 1251 2552 ticulose
1270 2524 1489 2552 eommoveto
1510 2518 1540 2551 á¼
1561 2518 1701 2563 quando
1720 2529 1775 2550 me
1795 2517 1923 2551 xideris

1107 2582 1265 2609 mortuos
1285 2587 1302 2609 a
1323 2575 1513 2621 sepulchris
1533 2576 1749 2613 resuscitare,
1769 2581 1850 2608 tune
1867 2586 1923 2609 me

1108 2644 1185 2666 cum
1212 2633 1432 2679 surgentibus
1456 2632 1610 2679 glorifica
1636 2632 1721 2665 sicut
1746 2632 1835 2665 vitae
1861 2632 1923 2665 tri-

1107 2689 1281 2725 butorem.
1311 2691 1458 2732 Quando
1480 2703 1535 2724 me
1560 2690 1688 2724 wideris
1708 2689 1885 2723 sedentem
1904 2701 1924 2723 a

1107 2747 1237 2783 dextris
1263 2750 1387 2794 patris,
1410 2755 1490 2782 tune
1508 2759 1563 2781 me
1582 2748 1692 2780 Deum
1716 2757 1817 2785 voca,
1838 2747 1924 2780 sieut

1107 2805 1339 2850 synthronum
1353 2812 1386 2839 et
1399 2811 1618 2839 coaeternum
1634 2804 1735 2850 patri.
1753 2802 1836 2836 Sine
1848 2816 1924 2837 mo-

1108 2862 1170 2900 do,
1195 2863 1246 2896 sic
1272 2863 1365 2896 enim
1388 2870 1523 2909 oporlet
1543 2873 1605 2895 nos
1629 2860 1824 2907 adimplere
1848 2873 1923 2895 om-

1960 1727 1969 1735 *
1984 1724 2040 1751 puto
2055 1729 2082 1745 ex
2098 1729 2131 1751 gr.

1960 1753 2109 1778 Ï„ÎµÎ»ÎµÎ¹Î¿á¿¦Ï„Î±Î¹.

1957 2473 1966 2481 â€
1983 2470 2014 2490 ita
2027 2470 2079 2491 eod.
2095 2475 2157 2490 meu-

1958 2497 2020 2518 Â«lose.

1957 2534 1967 2542 'Â¹
1982 2531 2033 2553 cod.
2048 2537 2159 2551 camimum

1958 2560 1990 2579 lu.
