2219 3322
110 552 121 581 *ι
135 549 190 582 puto
205 553 232 569 ex
247 553 280 574 gr,

105 578 212 610 ακριβῶς

73 713 80 719 “
96 715 137 736 prm
160 709 223 729 imru
244 708 281 729 ‹ti-

69 736 175 762 plnidtvn.

110 1241 116 1248 .
133 1237 189 1263 puto
203 1242 230 1257 cx
245 1241 279 1263 gr.

111 1275 210 1289 ’ΛἏΞΑΟἈ

329 241 400 274 554

321 316 363 350 lis
376 315 604 353 descendens,
621 315 733 349 caelos
747 326 817 348 non
833 314 1033 361 dereliquit.
1051 316 1142 351 Con-

320 375 455 407 miscuit
482 386 516 407 se
542 374 675 406 zizaniis
697 373 840 406 caeleste
866 374 1030 408 triticum.

369 432 403 463 2.
442 430 567 463 Videns
593 430 698 475 igitur
725 441 804 463 eum
832 430 1004 465 lohannes
1028 430 1143 478 bapti-

317 494 387 526 sta,
402 495 433 521 ct
450 499 639 532 agnoscens
657 499 736 520 eum
751 498 854 532 quem
875 499 915 521 ex
940 495 1040 523 utero
1058 501 1140 524 suae

318 546 436 579 matris
455 551 661 590 agnoxerat,
684 545 853 579 adoravit.
872 546 912 578 Et
927 546 1115 591 diligenter
1131 545 1141 555 ⁶

318 602 512 647 intelligens
532 614 611 635 eum
629 602 726 635 illum
742 614 832 642 esse,
848 614 913 648 pro
925 594 1043 649 quoin
1062 611 1141 647 ute-

318 671 358 693 ro
382 660 645 704 superveniente
668 660 895 705 tripudiabat,
917 673 1140 706 cognoscens

317 716 476 750 ordinem
491 723 644 755 naturae,
662 719 832 751 contraxit
846 719 937 752 intus
951 719 1116 765 diploidis
1129 720 1140 730 *

316 774 512 811 dexteram,
534 780 567 807 et
589 786 693 808 suum
720 782 821 820 caput
838 776 1031 816 inclinans,
1054 779 1140 812 sicut

316 843 434 865 servus
449 832 595 866 dilectus
614 832 745 866 domini
760 833 835 878 sui,
852 834 904 867 liis
923 841 1038 868 autem
1065 841 1140 869 ute.

315 888 418 923 batur
443 889 611 923 vocibus:
636 902 700 937 ego
716 902 802 936 opus
829 890 940 925 habeo
966 903 988 925 α
1018 901 1054 926 te
1075 893 1140 927 ba-

311 945 465 992 ptizari,
488 955 520 979 ec
547 955 585 979 [ιι
609 946 702 980 venis
716 947 772 991 {acl
787 951 860 981 me?
873 949 964 989 Quid
984 949 1065 983 facis
1087 976 1095 989 ‚
1116 962 1138 984 o

315 1004 477 1037 Domine?
492 1004 581 1044 Quid
596 1006 684 1038 servi
701 1005 860 1040 immutas
874 1006 1130 1047 ordineSPQuid

316 1072 392 1093 cum
413 1062 517 1094 sci-vis
537 1073 554 1095 a
574 1063 680 1095 servis
698 1074 736 1096 ea
755 1074 843 1108 quae
862 1064 951 1097 servi
972 1071 1054 1098 sunt
1074 1076 1139 1098 ex-

315 1117 419 1163 petis‘?
433 1118 523 1158 Quid
539 1119 601 1158 vis,
616 1119 712 1164 quod
728 1131 798 1153 non
813 1120 947 1166 indiges
960 1122 1134 1167 accipere?

316 1175 405 1215 Quid
420 1188 482 1221 per
499 1176 644 1210 inultam
663 1177 990 1212 condescensionem
1009 1191 1137 1225 gravas

316 1243 371 1265 me
391 1238 487 1266 tuum
505 1235 735 1279 proprium'?
754 1236 826 1280 Ego
845 1247 933 1281 opus
953 1235 1065 1271 habeo
1092 1237 1134 1283 [a]

318 1295 350 1322 te
364 1283 543 1335 baptizari,
562 1298 596 1327 tu
613 1298 724 1325 autem
744 1304 813 1326 non
829 1293 961 1338 indiges
976 1306 994 1328 a
1013 1306 1068 1329 me
1083 1294 1139 1329 ba-

316 1348 447 1392 ptizari.
468 1348 612 1382 Inferior
627 1360 644 1382 a
664 1350 806 1383 meliore
821 1350 1021 1385 aedificatur
1034 1378 1042 1391 ‚
1067 1364 1136 1386 non

317 1404 441 1438 melior
463 1405 506 1438 ab
525 1406 687 1440 inferiore
712 1407 968 1442 sanctificatur:
996 1409 1136 1444 lucerna

319 1473 336 1495 a
351 1462 423 1495 sole
438 1462 686 1502 obumbratur,
703 1463 780 1510 {non
794 1465 845 1498 sol
866 1465 909 1498 ab
927 1467 1060 1512 stuppis
1080 1479 1138 1501 ra-

319 1518 449 1552 diatur:
467 1520 578 1553 lutum
593 1532 612 1554 a
631 1521 738 1565 figulo
754 1522 947 1567 perficitur,
964 1535 1033 1557 non
1051 1523 1136 1569 figu-

320 1576 373 1609 lus
401 1589 417 1610 a
440 1577 513 1610 luto
535 1577 760 1623 confingitur:
783 1579 977 1613 aedificium
997 1580 1040 1614 ab
1060 1582 1137 1626 opi-

320 1632 383 1667 fice
415 1641 601 1668 renovatur
613 1661 620 1673 ,
656 1647 726 1669 11011
756 1636 871 1681 opifex
900 1636 943 1670 ab
977 1637 1136 1672 aedificio

321 1691 545 1724 emendatur:
575 1699 735 1737 aegrotus
763 1704 781 1726 a
804 1693 941 1727 medico
966 1701 1107 1728 sanatur
1125 1722 1133 1734 ,

322 1759 392 1780 non
410 1748 564 1782 medicus
583 1748 626 1782 ab
645 1756 788 1794 aegroto
810 1751 984 1784 medetur:
1007 1763 1136 1797 egenus

273 1850 275 1852 ‚
323 1816 341 1838 a
355 1805 460 1838 divite
475 1806 648 1840 feneratur
659 1833 667 1845 ,
686 1818 754 1840 non
770 1807 866 1841 dives
882 1808 924 1841 ab
940 1809 1044 1854 inope
1059 1821 1137 1842 mu-

323 1867 450 1895 tuatur.
484 1864 562 1909 Ego
589 1876 674 1910 opus
697 1863 809 1898 habeo
835 1877 857 1899 α
881 1874 913 1898 te
940 1866 1133 1913 baptizari.

322 1920 499 1965 Numquid
520 1921 643 1965 ignoro
658 1922 734 1966 quis
753 1933 804 1960 es,
827 1929 859 1955 et
873 1934 913 1956 ex
934 1935 1001 1968 qua
1018 1935 1055 1957 re
1068 1924 1137 1957 fut-

320 1977 391 2009 sisti
408 2003 415 2015 ,
443 1978 495 2011 vel
517 1978 609 2011 unde
629 1979 795 2012 advenisti
809 1980 826 2013 ‘1‘
852 1981 1029 2026 Numquid
1048 1993 1137 2026 quo-

320 2034 411 2067 niam
431 2041 574 2080 propter
593 2048 648 2069 me
666 2036 773 2070 factus
793 2049 828 2070 es
846 2038 941 2082 quod
957 2049 1021 2083 ego
1040 2050 1133 2078 sum,

321 2092 491 2136 magnalia
518 2092 652 2138 abnego
679 2099 754 2126 tuae
780 2094 940 2128 deitatis?
959 2095 1137 2140 Numquid

322 2148 401 2193 quia
418 2155 549 2183 tantum
564 2151 647 2183 milti
662 2151 935 2185 condescendisti
948 2179 955 2191 ,
978 2159 1015 2186 ut
1033 2154 1136 2186 etiam

325 2207 574 2251 propinquarcs
594 2208 749 2253 corpori,
772 2215 807 2241 ut
824 2215 934 2242 totum
955 2222 1009 2243 me
1029 2210 1137 2244 ferres

325 2264 359 2295 in
376 2269 426 2301 tc,
443 2270 479 2296 ut
493 2264 641 2298 salvares
655 2271 764 2299 totum
779 2266 968 2305 hominem,
985 2267 1137 2313 despicio

323 2320 418 2363 quod
447 2327 497 2353 est
522 2321 555 2353 in
574 2327 606 2354 te
629 2322 825 2356 invisibile?
852 2324 1028 2369 Numquid
1047 2336 1137 2369 quo-

324 2377 415 2409 niam
431 2384 573 2422 propter
588 2389 698 2412 meam
713 2380 855 2413 salutem
870 2381 1009 2413 induisti
1025 2392 1137 2414 meam

324 2440 454 2473 cutem,
477 2436 600 2480 ignoro
620 2443 651 2469 te
670 2438 727 2481 qui
747 2439 889 2471 amictus
903 2450 939 2471 cs
955 2438 1030 2472 luce
1050 2440 1136 2473 sicut

323 2492 550 2526 x‘estimento‘?
564 2494 738 2538 Numquid
753 2496 915 2539 quoniam
930 2507 1004 2529 mea
1019 2497 1137 2541 cogni-

325 2555 357 2582 ta
377 2561 477 2583 earne
496 2550 637 2583 indutus
651 2562 703 2589 es,
727 2557 761 2583 ut
780 2562 965 2596 appareres
984 2552 1138 2586 homini-

324 2605 389 2639 bus
402 2633 409 2645 ,
437 2614 604 2651 quantum
623 2608 685 2652 ipsi
706 2609 902 2653 conspicere
922 2610 1134 2653 praevalent,

326 2663 407 2696 latet
433 2675 486 2697 mc.
506 2664 622 2698 radius
640 2671 717 2698 tuae
736 2667 1002 2699 coruscationis?
1029 2668 1137 2701 Num-

326 2721 409 2765 quid
428 2722 592 2765 quoniam
610 2733 720 2755 meam
738 2723 772 2755 in
794 2727 825 2754 te
845 2734 948 2755 cerno
969 2724 1134 2763 sormam,

328 2777 479 2823 despicio
500 2785 592 2812 tuam
614 2778 839 2812 substantiam
859 2779 1029 2819 (lisinam,
1051 2793 1137 2826 quae

329 2842 377 2868 est
406 2836 584 2869 invisibilis
612 2843 719 2882 -atque
746 2837 1136 2882 inconpraeltensibilis⁵?

331 2892 406 2926 Scio
420 2894 564 2927 Domine
575 2919 582 2933 ,
598 2900 632 2927 et
645 2895 708 2927 scis
721 2895 884 2939 quoniam
909 2896 978 2929 scio
997 2901 1045 2928 tc:
1068 2897 1137 2929 scio

986 252 1139 275 GREGomt
1164 253 1359 278 ANTIOCIIENI

1196 324 1229 352 te
1241 318 1444 363 diligenter:
1461 318 1532 353 scio
1551 324 1584 353 te
1603 319 1750 354 Domine
1767 331 1783 354 a
1798 326 1831 355 te
1849 320 2013 366 edoctus3

1196 375 1313 409 nullus
1326 375 1418 408 enim
1434 381 1466 409 te
1479 375 1681 421 intellegere
1695 384 1848 423 poterat,
1866 378 1928 412 nisi
1943 390 2016 425 per-

1198 432 1332 466 fruatur
1359 443 1478 466 amore
1505 439 1582 466 tuae
1607 434 1903 484 splendidissimae
1927 437 2015 470 cari-

1196 490 1284 523 tatis.
1307 489 1383 523 Scio
1402 496 1452 528 te,
1474 491 1636 529 Domine,
1654 490 1760 530 bene;
1777 493 1847 526 vidi
1867 494 1958 526 enim
1979 500 2012 528 te

1196 546 1396 591 spiritaliter
1424 547 1518 592 prius
1542 559 1646 593 quam
1672 548 1833 583 vidissem
1859 550 1925 584 hoe
1949 550 2011 584 lu-

1194 615 1287 638 men.
1304 605 1351 637 Tu
1364 604 1505 649 quidem
1519 606 1666 639 existens
1685 607 1719 639 in
1739 607 1953 652 incorporeis
1966 608 2013 641 si—

1194 660 1295 695 nibus
1316 662 1439 707 patris,
1460 662 1494 696 in
1512 663 1605 696 illius
1624 670 1703 697 tuae
1719 664 1864 698 ancillae
1886 671 1920 698 et
1937 676 2013 699 ma-

1194 719 1256 751 tris
1282 724 1381 752 utero
1400 719 1529 752 includi
1554 720 1706 754 voluisti.
1737 722 1809 766 Ego
1836 728 1949 756 autem
1976 723 2012 756 in

1195 782 1294 809 utero
1320 775 1519 810 Helisabeth
1539 779 1625 811 sieut
1644 779 1679 812 in
1700 789 1836 812 carcere
1862 779 2010 813 naturali

1193 838 1366 866 coartatus
1391 839 1424 866 et
1450 834 1654 879 conpeditus
1673 836 1820 869 existens
1840 835 2012 870 insolubi—

1193 889 1284 924 libus
1303 890 1448 924 vinculis
1462 892 1577 930 coeni,
1595 892 1790 926 exultabam
1805 900 1838 927 et
1857 893 2010 927 laetabar

1193 953 1287 981 tuam
1319 947 1527 993 praecedens
1557 949 1752 994 praelibans
1782 951 2008 984 nativitatem.

1191 1006 1256 1045 Qui
1283 1017 1366 1050 ergo
1392 1011 1470 1040 ante
1496 1013 1634 1052 partum
1652 1033 1659 1044 ,
1695 1013 1792 1041 tuum
1820 1008 2009 1042 adventum

1191 1062 1407 1108 praedicavi,
1436 1069 1513 1109 post
1541 1070 1676 1109 partum
1697 1070 1774 1098 tuae
1793 1067 2006 1109 praesentiae

1192 1120 1382 1155 desistam?
1410 1122 1474 1161 Qui
1501 1121 1545 1155 ab
1571 1121 1713 1155 infantia
1735 1128 1812 1155 tuae
1831 1124 2009 1167 potestatis

1192 1172 1354 1223 magister
1364 1179 1473 1217 extiti,
1482 1179 1680 1213 adolescens
1693 1180 1848 1213 inveniar
1859 1180 1901 1214 ad
1916 1187 2009 1214 tuam

1193 1235 1380 1280 perfectam
1407 1236 1699 1281 intellegentiam?
1718 1238 1796 1270 Non
1817 1247 1956 1281 possum
1977 1243 2011 1270 te

1191 1303 1263 1325 non
1278 1292 1392 1326 colere
1403 1318 1411 1331 ,
1428 1293 1487 1338 qui
1502 1293 1657 1326 adoraris
1672 1292 1715 1327 ab
1728 1294 1823 1327 omni
1838 1299 2007 1327 creatura:

1192 1361 1262 1383 non
1288 1361 1430 1395 possum
1447 1349 1551 1397 [non]
1575 1351 1774 1397 praedicare
1788 1363 1885 1390 eum,
1905 1362 2009 1396 quem

1191 1406 1327 1440 caelum
1341 1419 1403 1453 per
1419 1408 1554 1441 stellam
1570 1409 1787 1447 monstravit,
1797 1415 1831 1442 et
1845 1415 1935 1442 terra
1949 1419 2010 1454 per

1193 1476 1312 1510 magos
1331 1466 1517 1505 nuntiavit,
1544 1472 1577 1500 et
1603 1466 1805 1511 angelorum
1825 1466 1921 1500 chori
1940 1466 2011 1500 lae-

1191 1528 1303 1556 tantes
1318 1523 1460 1557 caelitus
1475 1524 1703 1558 laudaverunt
1714 1550 1721 1561 ,
1736 1530 1769 1557 et
1786 1530 1940 1569 pastores
1959 1524 2011 1556 'vi-

1190 1580 1335 1624 gilantes
1358 1581 1444 1613 sieut
1468 1580 1592 1614 ducem
1613 1587 1788 1626 pastorum
1809 1587 1842 1614 et
1861 1581 2009 1614 rationa-

1191 1635 1312 1670 bilium
1328 1638 1444 1670 ovium
1463 1637 1758 1683 glorificaverunt.
1774 1639 1803 1671 N
1806 1649 1851 1671 on
1870 1649 2009 1682 possum

1191 1699 1224 1727 te
1244 1700 1460 1739 praesentem
1480 1695 1602 1728 silere:
1623 1706 1688 1728 vox
1709 1696 1799 1728 enim
1820 1706 1894 1728 suni
1911 1720 1919 1731 ,
1940 1705 2007 1728 vox

1190 1750 1368 1784 clamantis
1382 1753 1416 1784 in
1434 1752 1572 1785 deserto
1584 1778 1591 1789 ,
1608 1759 1725 1797 parate.
1742 1753 1830 1785 viam
1844 1752 2004 1785 Domino.

1190 1809 1268 1853 Ego
1287 1820 1373 1855 opus
1387 1808 1498 1842 habeo
1517 1820 1541 1842 (ι
1558 1818 1591 1842 te
1610 1809 1803 1855 baptizari.
1821 1810 1893 1853 Ego
1908 1814 2009 1842 natus

1189 1866 1344 1910 parentis
1370 1866 1585 1899 sterilitatem
1612 1866 1719 1903 solvi,
1742 1871 1776 1898 et
1799 1860 1913 1898 infans
1939 1865 2010 1898 exi-

1190 1928 1282 1956 stens
1300 1922 1413 1956 adhuc
1426 1949 1433 1961 ‚
1454 1924 1543 1968 patri
1570 1934 1649 1956 meo
1669 1923 1740 1956 sine
1761 1934 1845 1956 voce
1863 1933 1942 1955 cnm
1961 1933 2010 1956 es-

1191 1986 1260 2017 set,
1291 1980 1444 2013 medicus
1465 1979 1608 2014 effectus
1629 1992 1703 2013 sum
1719 2006 1726 2017 ,
1749 1991 1765 2012 a
1787 1986 1819 2013 te
1841 1980 2009 2025 accipiens

1191 2039 1334 2082 gratiam
1355 2038 1456 2071 liuius
1475 2037 1645 2071 miraculi.
1666 2038 1714 2070 Tu
1735 2043 1849 2070 autem
1873 2037 1915 2070 de
1933 2037 2009 2070 vir—

1191 2096 1268 2139 gine
1288 2102 1396 2129 matre
1417 2101 1517 2129 natus
1536 2106 1589 2133 es,
1611 2101 1649 2128 ut
1666 2095 1828 2132 voluisti3
1844 2100 1878 2127 et
1896 2100 1934 2127 tu
1953 2105 2006 2127 so-

1191 2153 1244 2186 lus
1263 2155 1326 2186 scis
1344 2153 1493 2198 qualiter
1507 2159 1606 2186 natus
1623 2153 1684 2186 sis:
1701 2164 1770 2186 non
1789 2152 1920 2186 solvisti
1935 2152 2007 2184 vir-

1190 2211 1369 2256 ginitatem
1387 2211 1477 2247 eius,
1498 2210 1557 2244 sed
1573 2217 1604 2243 ct
1622 2210 1708 2243 hanc
1727 2210 1954 2246 conservasti,
1975 2215 2007 2242 et

1191 2268 1308 2315 matris
1333 2268 1363 2301 ei
1389 2267 1600 2301 vocabulum
1629 2267 1857 2301 condonasti:
1887 2273 1922 2300 et
1946 2278 2008 2300 nec

1190 2324 1366 2368 virginitas
1388 2330 1485 2357 tuum
1505 2330 1641 2369 partum
1666 2324 1809 2362 vetavit,
1838 2335 1900 2357 nee
1920 2335 2007 2369 par-

1191 2386 1244 2413 tus
1271 2381 1557 2426 [x‘irginitateinq
1584 2381 1781 2415 Contrariae
1808 2393 1881 2420 res,
1902 2381 1938 2414 id
1957 2387 2007 2414 est

1190 2445 1308 2483 partus
1322 2445 1353 2471 et
1370 2439 1547 2483 virginitas
1559 2464 1566 2477 ‚
1585 2439 1626 2471 ad
1644 2450 1747 2472 unam
1767 2438 2002 2476 concordiam,

1190 2507 1231 2528 eo
1245 2495 1340 2539 quod
1356 2494 1418 2528 tibi
1437 2496 1548 2529 visum
1567 2502 1617 2529 est
1637 2495 1747 2529 lictori
1766 2502 1919 2529 naturae.
1934 2496 2007 2540 Ego

1190 2553 1282 2585 enim
1309 2552 1414 2586 homo
1437 2564 1532 2590 sum,
1560 2559 1693 2586 tantum
1719 2553 1856 2586 dixinae
1875 2552 2005 2597 gloriae

1191 2610 1381 2655 particeps,
1410 2616 1448 2643 tu
1476 2616 1589 2643 autem
1612 2611 1701 2643 Deus
1728 2616 1760 2643 et
1779 2610 1886 2643 homo
1914 2608 2004 2642 idem

1190 2669 1280 2713 ipse,
1307 2669 1386 2712 quia
1410 2669 1606 2701 misericors
1630 2668 1703 2713 ipse
1723 2668 1849 2701 existis.
1870 2667 1917 2699 Tu
1944 2676 2005 2710 pa—

1192 2731 1309 2758 ternae
1333 2725 1462 2769 gloriac
1481 2725 1633 2758 claritas:
1660 2731 1697 2758 tu
1722 2724 1870 2770 perfecta
1890 2723 2003 2766 imago

1192 2782 1332 2827 perfecti
1354 2783 1474 2828 patris:
1498 2789 1533 2816 tu
1551 2794 1673 2816 xerum
1694 2782 1830 2815 lumen,
1846 2778 1941 2826 quod
1960 2778 2003 2811 il-

1192 2840 1337 2872 luminat
1366 2851 1504 2873 omnem
1537 2840 1713 2872 hominem
1743 2838 1935 2871 venientem
1969 2835 2001 2867 in

1194 2895 1374 2929 mundum.
1402 2898 1450 2930 Tu
1472 2897 1531 2941 qui
1551 2897 1585 2929 in
1603 2895 1734 2929 mundo
1753 2895 1898 2928 existens
1913 2918 1920 2931 ,
1943 2903 2002 2926 ve—
