2326 3362
127 498 205 518 vai-trs·
219 503 333 518 commen-

126 525 178 545 tarii
202 524 224 544 in
245 525 332 546 cantic.

126 551 260 572 Salomonis.

192 1127 285 1147 Humilia
304 1126 330 1147 (le

192 1159 263 1173 xltlt'it.

129 1754 261 1783 Frazmenta
277 1755 334 1776 mul-

131 1783 152 1801 ta
168 1786 263 1802 nnnora.

164 2548 263 2573 Dionysii
278 2549 334 2570 alex.

130 2573 216 2594 scholia
229 2575 256 2595 aul
269 2577 336 2597 Art-1>-

134 2602 239 2625 pagii-im.

367 263 389 285 x
1129 261 1278 285 Eanoms

368 327 528 372 exposui:
551 327 749 373 pracsertim
777 326 856 371 quia
880 324 1050 358 librorum
1078 332 1198 360 contra
1225 327 1439 372 Synusiastas
1460 333 1493 361 et
1518 334 1636 362 eontra
1663 326 1856 361 Diodorum
1880 340 1917 363 ac
1935 331 2047 365 Theo-

369 384 493 417 dorum
521 396 577 417 sex
604 384 670 417 iam
694 395 758 427 ego
776 382 952 427 originalia
973 393 1211 428 compereram
1236 395 1357 429 graeca
1375 384 1583 430 fragmenta,
1603 396 1753 431 quorum
1778 391 1897 431 postea
1921 389 2046 422 verita-

368 447 435 474 tem
466 441 632 474 Iohannes
659 440 872 474 caesariensis
899 438 1128 473 confirmavit.

464 498 643 531 Notissima
671 503 703 530 et
726 496 925 529 unixersalis
950 508 993 529 ss.
1018 498 1154 530 Patrum
1178 497 1297 543 regula
1324 504 1392 536 est,
1416 500 1586 533 canticum
1612 499 1805 533 Salomonis
1824 499 1960 533 nonnisi
1980 501 2047 545 spi-

368 555 456 588 ritali
484 567 585 588 sensu
611 554 654 587 (le
673 554 806 587 Christo
830 553 971 598 eiusque
990 554 1130 588 ecclesia
1151 566 1224 589 esse
1249 555 1530 600 intelligendum:
1552 556 1782 602 quamobrem
1808 558 1903 602 graxi
1930 568 2047 601 repre-

368 613 532 646 hensione
557 612 650 656 (ligni
674 617 767 647 sunt.
788 611 997 655 quicumque
1019 611 1062 644 ab
1090 611 1152 646 liae
1177 612 1415 647 decentissima
1442 615 1581 648 Patrum
1607 616 1764 648 omnium
1791 626 1911 648 norma
1937 614 2047 647 (lisce-

367 669 449 703 dere
476 669 612 702 audent.
642 669 724 701 Ecce
748 673 861 700 autem
882 673 915 701 et
934 668 1081 712 Cyrillus
1101 676 1219 703 noster
1243 670 1277 703 in
1302 681 1345 704 eo
1371 671 1590 716 explanando
1609 673 1742 705 cantico
1761 683 1779 705 a
1798 672 1880 705 trito
1906 671 2047 705 sollem-

368 727 469 770 nique,
495 726 654 759 ecclesiae
676 735 770 757 more
793 735 862 757 non
889 724 1057 758 declinat:
1079 727 1175 760 cuius
1196 738 1261 771 ego
1282 726 1454 773 deperditi
1483 729 1720 762 commentarii
1748 740 1856 774 quum
1878 735 1955 762 ante
1982 729 2047 762 hos

367 794 473 816 annos
492 782 677 827 fragmenta
697 792 816 826 graece
835 787 967 814 tantum
987 781 1157 816 ediderim
1177 784 1212 816 in
1236 785 1393 829 Procopii
1413 790 1531 818 catena
1552 786 1647 830 (ΛΑ.
1670 785 1768 819 class.
1789 787 1826 819 T.
1850 786 1907 819 lx.
1926 785 1937 830 )
1956 797 2046 819 nunc

367 839 492 873 collato
518 850 634 872 rursus
659 843 726 871 vat.
751 837 892 877 codice,
913 844 947 872 et
967 839 1081 873 addita
1109 839 1294 879 latinitate,
1317 841 1351 874 in
1371 840 1435 875 hac
1461 842 1580 887 Cyrilli
1610 843 1859 876 anecdotorum
1885 843 2046 888 congerie

367 896 546 929 commode
564 894 720 928 exhibeo.
742 895 860 939 Neque
880 895 915 928 in
935 895 988 928 his
1007 895 1131 930 desunt
1149 897 1340 942 singulares
1357 897 1490 942 aliquot
1509 900 1597 932 sacri
1618 905 1730 933 textus
1750 899 1931 938 lectiones,
1954 910 2047 945 prac-

368 960 416 986 tcr
435 953 589 986 eximiam
609 951 756 984 auctoris
775 952 936 996 pietatem
949 977 957 991 ‚
973 958 1006 985 et
1024 952 1067 986 de
1084 954 1190 987 sancti
1208 954 1401 988 chrismatis
1419 961 1634 989 sacramento
1654 957 1888 990 testimonium
1905 968 1941 1001 p.
1960 956 2042 989 465.

366 1011 424 1042 llis
450 1021 513 1054 ego
543 1009 777 1042 commentarii
806 1008 962 1054 partibus
993 1010 1170 1055 cyrilliana
1196 1012 1351 1057 quinque
1377 1012 1442 1046 alia
1473 1012 1600 1046 diversi
1634 1014 1828 1058 argumenti
1854 1013 2045 1058 fragmenta

365 1065 574 1100 subtexenda
599 1067 727 1100 curavi.

459 1124 569 1157 Sancti
589 1123 705 1168 Cyrilli
727 1123 907 1158 homiliam
926 1124 969 1159 de
990 1126 1185 1172 evangeliea
1205 1128 1323 1161 vineae
1345 1126 1510 1174 parabola
1524 1153 1531 1167 ‚
1555 1139 1660 1173 quam
1679 1127 1764 1162 olim
1782 1128 1888 1162 latine
1913 1134 2046 1161 tantum

365 1181 515 1215 Achilles
541 1182 661 1215 Statius
685 1181 852 1216 lusitanus
877 1183 921 1217 ad
945 1184 1149 1229 Gregorium
1168 1186 1258 1218 XIII.
1280 1187 1342 1219 ΡΡ.
1364 1186 1566 1231 impressam
1592 1187 1751 1225 miserat,
1774 1197 1896 1231 graece
1921 1196 1986 1230 ego
2011 1185 2047 1218 in

365 1238 544 1283 Spicilegio
570 1250 658 1271 rom.
679 1239 715 1272 T.
736 1239 777 1272 V.
800 1239 976 1274 edideram
999 1253 1040 1275 ex
1068 1242 1144 1287 ipso
1167 1243 1261 1276 Statii
1289 1242 1407 1276 codice
1432 1243 1467 1275 in
1495 1242 1707 1276 bibliotheca
1734 1242 1959 1276 vallicelliana
1978 1243 2047 1276 Ro-

365 1307 440 1329 mae
460 1297 650 1341 superstite.
673 1296 749 1330 Fuit
766 1297 859 1330 enim
877 1298 1003 1331 Statius
1021 1298 1114 1332 illius
1133 1298 1363 1333 bibliothecae
1383 1299 1562 1338 conditor,
1584 1300 1725 1344 eiusque
1744 1298 1817 1332 illic
1834 1299 1949 1343 imago
1967 1309 2047 1332 cum

365 1352 478 1398 elogio
502 1352 544 1386 ad
568 1359 769 1398 perpetuam
791 1355 839 1387 rei
865 1356 1070 1389 memoriam
1088 1363 1234 1401 prostat.
1262 1358 1361 1390 Nune
1386 1357 1491 1402 igitur
1520 1368 1563 1390 ne
1589 1356 1708 1401 Cyrilli
1734 1354 1877 1389 homilia
1902 1354 2048 1387 transla-

366 1410 456 1443 tione
482 1410 584 1443 Iatina
612 1416 739 1449 careat,
765 1410 915 1456 (etenim
942 1413 1076 1458 priscus
1102 1419 1135 1446 et
1163 1414 1275 1447 tenuis
1301 1414 1396 1448 Statii
1425 1412 1566 1448 libellus
1590 1414 1646 1447 vix
1671 1411 1798 1446 alicubi
1823 1411 1993 1450 occurrit,
2014 1416 2049 1445 et

365 1466 427 1510 ipsi
454 1466 536 1500 mihi
560 1466 601 1500 ad
628 1479 748 1501 manus
767 1480 839 1502 non
858 1468 931 1515 est)
955 1469 1022 1503 hoc
1041 1481 1181 1516 quoque
1199 1470 1319 1515 Cyrilli
1346 1472 1513 1517 scriptum
1538 1476 1686 1516 utraque
1705 1470 1842 1515 lingua,
1862 1480 1919 1502 me
1941 1469 2048 1502 inter-

364 1529 475 1568 prete,
495 1530 609 1558 extare
629 1526 802 1559 constitui.
830 1527 872 1560 Et
891 1527 1057 1572 quoniam
1075 1528 1110 1561 in
1129 1527 1247 1573 Cyrilli
1267 1528 1419 1562 homiliis
1444 1529 1575 1562 versari
1597 1538 1797 1573 coeperam,
1820 1533 1889 1560 tres
1906 1536 2048 1571 quoque

364 1580 515 1614 eiusdem
542 1582 783 1617 conciunculas
810 1583 854 1618 de
880 1585 1047 1630 aegyptiis
1075 1584 1287 1630 martyribus
1315 1585 1406 1630 Cyro
1432 1596 1470 1619 ac
1497 1585 1671 1622 Iohanne,
1699 1595 1785 1629 quas
1809 1583 1895 1617 mihi
1924 1583 1958 1616 S.
1985 1583 2048 1615 So-

366 1637 531 1682 phronius
555 1640 590 1672 in
616 1651 675 1674 sua
702 1640 977 1686 praedictorum,
998 1652 1103 1686 quam
1130 1641 1242 1681 edidi,
1266 1648 1461 1687 martyrum
1487 1641 1630 1675 historia
1659 1639 1806 1679 obtulit,
1827 1639 1895 1674 hoc
1917 1639 2048 1673 idoneo

368 1693 445 1728 loco
469 1707 537 1729 non
563 1698 635 1731 sine
661 1697 1018 1732 animadversionibus
1043 1698 1175 1744 aliquot
1201 1698 1382 1744 ponendas
1408 1699 1537 1733 curavi.

461 1754 510 1787 Ne
530 1754 662 1789 minora
686 1754 828 1801 quidem
846 1755 964 1801 Cyrilli
990 1755 1199 1801 fragmenta,
1221 1762 1396 1802 quotquot
1421 1756 1511 1790 inter
1536 1756 1627 1790 edita
1653 1767 1670 1790 a
1696 1767 1752 1789 me
1773 1755 1916 1801 scripta,
1936 1754 1991 1788 wel
2011 1755 2047 1788 in

367 1809 540 1844 codicibus
565 1812 764 1851 extiterunt,
788 1812 935 1858 neglexi.
965 1813 1083 1858 Itaque
1105 1814 1220 1859 primo
1245 1813 1460 1859 undeviginti
1487 1813 1673 1859 particulas
1698 1814 1829 1858 sumpsi
1852 1813 1979 1858 partim
2005 1824 2045 1845 ex

368 1867 483 1900 codice
508 1869 661 1903 vaticano
687 1870 798 1909 1431,
824 1871 951 1916 partim
978 1882 1019 1904 ex
1048 1870 1284 1910 columnensi‚
1313 1876 1346 1904 et
1373 1882 1415 1904 ex
1440 1871 1525 1905 meis
1550 1872 1696 1905 Leontio
1723 1877 1825 1915 atque
1849 1870 2042 1903 Anastasio.

367 1924 494 1958 Deinde
513 1925 593 1959 alias
611 1927 711 1960 XXV.
734 1927 918 1972 particulas
940 1939 982 1961 ex
1003 1927 1192 1973 deperditis
1212 1927 1375 1961 adversus
1399 1927 1570 1962 Iulianum
1594 1927 1710 1966 libris,
1732 1939 1751 1961 a
1774 1927 1928 1961 Iohanne
1952 1926 2046 1960 eclo-

367 1982 462 2025 gario
486 1983 617 2022 citatas,
642 1989 679 2017 ut
704 1985 738 2017 in
764 1986 897 2018 monito
925 1996 959 2030 p.
983 1986 1066 2018 488.
1088 1985 1220 2021 dictum
1246 1990 1310 2019 est.
1339 1986 1572 2024 Postremum,
1596 1985 1656 2019 sed
1682 1985 1815 2030 insigne
1840 1985 1956 2030 magni
1980 1985 2047 2029 Cy-

367 2037 435 2070 rilli
458 2039 548 2083 apud
574 2051 636 2074 nos
663 2048 876 2086 segmentum
901 2049 952 2076 est
978 2041 1146 2076 adversus
1170 2041 1366 2080 eunuchos,
1392 2043 1436 2077 de
1461 2053 1532 2088 quo
1559 2043 1593 2076 in
1616 2043 1749 2076 monito
1774 2054 1811 2088 p.
1833 2042 1916 2075 2914.
1939 2041 2046 2075 verba

369 2093 526 2133 fecimus:
553 2108 613 2130 nec
642 2109 710 2131 non
737 2098 780 2132 de
804 2099 947 2133 iunioris
973 2111 1114 2144 quoque
1140 2100 1325 2146 specimine
1353 2112 1388 2146 p.
1416 2101 1499 2134 1497.
1528 2100 1640 2145 Atque
1666 2100 1751 2133 haec
1776 2100 1892 2133 omnia
1920 2098 2046 2131 latinae

370 2152 596 2186 translationis
614 2155 856 2189 commoditate
876 2156 943 2190 frui
962 2156 1150 2191 voluimus.
1172 2157 1327 2191 Alteram
1345 2157 1533 2191 voluminis
1552 2158 1661 2191 nostri
1681 2163 1814 2203 partem
1833 2156 2044 2190 constituunt

369 2219 504 2253 graece,
527 2210 645 2249 latine,
667 2219 767 2257 atque
786 2214 888 2247 etiam
907 2214 1094 2259 aliquando
1120 2215 1268 2260 syriace,
1291 2215 1426 2249 diversa
1453 2215 1672 2249 classicorum
1700 2220 1837 2261 patrum
1858 2211 2044 2258 opuscula,

369 2277 517 2309 quorum
550 2268 666 2302 titulos
696 2269 799 2314 paulo
828 2277 907 2317 post
931 2271 1163 2306 recitabimus.
1192 2274 1241 2307 De
1267 2272 1393 2318 quibus
1419 2271 1582 2306 omnibus
1611 2283 1719 2317 quum
1749 2270 1885 2317 singula
1915 2271 2046 2304 monita

371 2328 471 2367 atque
496 2326 650 2359 notitiam
676 2329 824 2373 propriis
848 2330 884 2363 in
910 2329 995 2364 locis
1021 2331 1234 2376 scripserim,
1258 2342 1350 2365 nune
1376 2330 1521 2365 lectores
1546 2330 1675 2364 diutius
1699 2341 1769 2364 non
1796 2327 1976 2363 morabor.

777 2455 943 2477 I'ARERGON
970 2456 1010 2478 DE
1035 2457 1174 2484 ALIQUOT
1201 2457 1430 2480 AREOPAGlTAE
1455 2457 1631 2479 CODICIBUS.

464 2554 519 2586 w.
549 2555 618 2588 Iam
646 2562 681 2588 ut
707 2568 874 2603 parergon
895 2560 1034 2604 aliquod
1060 2562 1263 2607 praefationi
1289 2562 1386 2601 huic,
1408 2561 1580 2607 simulque
1606 2560 1776 2594 volumini
1803 2564 2045 2593 ornamentum

371 2609 510 2647 addam.
535 2611 577 2644 ‹le
605 2612 713 2647 tribus
739 2614 846 2648 dicam
874 2615 1022 2652 brexiter
1048 2619 1301 2664 praestantibus
1320 2620 1473 2665 Dionysii
1494 2619 1711 2664 areopagitae
1730 2617 1894 2653 vaticanis
1919 2613 2047 2649 codici-

371 2665 451 2703 bus:
473 2680 622 2713 quorum
642 2671 772 2715 primus
798 2673 936 2717 insignis
959 2682 990 2708 et
1017 2688 1147 2711 crassae
1173 2677 1297 2717 molis,
1319 2677 1444 2712 saeculi
1471 2677 1578 2710 ferme
1597 2676 1678 2713 xn,
1701 2681 1823 2709 cuncta
1845 2674 1936 2708 illius
1961 2680 2045 2703 con-

372 2724 452 2756 tinet
478 2737 581 2770 opcra
608 2739 685 2760 cum
705 2729 922 2774 amplissimis
947 2732 1104 2772 scholiis,
1127 2734 1255 2780 quibus
1275 2736 1385 2780 prima
1405 2736 1439 2768 in
1468 2735 1591 2780 pagina
1618 2733 1842 2780 praeponitur
1867 2728 2046 2771 inscriplio

370 2779 471 2813 haec:
498 2778 694 2817 Διονυσίου
713 2777 1010 2832 Ἀλεξα-πδρειάς
1032 2782 1179 2833 σχόλια
1203 2783 1312 2829 τῆςὸε
1341 2785 1405 2829 τῆς
1426 2788 1572 2832 βίβλου
1590 2815 1598 2830 ,
1618 2787 1785 2837 Dionysii
1800 2783 2048 2820 Ale.1·(1mlr1'ae

370 2835 501 2869 scholia
528 2839 611 2872 (flu-1·
635 2840 756 2879 liuius,
783 2842 936 2877 sidclicet
969 2845 1010 2877 dc
1040 2846 1164 2881 divinis
1195 2847 1406 2883 nominibus.
1437 2850 1484 2883 De
1514 2848 1737 2882 alexandrino
1765 2844 1831 2877 hoc
1856 2842 2042 2886 Dionysio.

371 2896 583 2939 areopagitae
611 2899 761 2944 Dionysii
787 2899 990 2941 scholiasta,
1015 2904 1092 2937 satis
1120 2905 1331 2952 disputatum
1359 2906 1461 2941 rideo
1490 2907 1524 2940 in
1552 2912 1699 2949 utroque
1726 2899 1947 2936 corderianae
1973 2897 2047 2931 edi-
