2219 3322
352 240 421 275 670
1065 248 1162 271 mnnx
1189 249 1312 272 RERUM.

347 305 499 338 voeabula,
513 305 535 332 si
555 305 609 333 sint
628 304 793 337 orthodoxa,
807 311 863 331 non
876 310 933 331 esse
948 302 1107 336 reiieienda,
1121 308 1158 332 et·
1608 305 1631 330 Y

399 350 476 378 iamsi
496 351 530 377 iis
549 349 675 377 cacodoxi
694 357 773 383 prave
792 352 906 375 utantur
924 348 957 375 G.
973 356 999 382 p.
1014 350 1074 374 590.

346 396 465 423 Verbum
484 395 543 423 solo
562 393 692 421 mandato
707 397 811 428 poterat
826 392 974 420 humanam
988 393 1093 427 operari
1113 401 1155 420 sa·
1210 389 1269 415 Tim)
1291 387 1421 414 mendum
1441 387 1543 416 codicis
1562 398 1588 425 p.
1609 393 1652 418 29.
1674 399 1697 417 v.
1717 395 1755 419 15.
1774 393 1937 423 emendatur
1955 397 2022 424 seri-

398 440 483 467 lutem
503 448 529 474 p.
543 442 585 465 523.
1261 432 1350 459 hendo
1369 432 1431 459 θεοῦ
1449 433 1483 460 ab
1502 433 1560 468 ipso
1579 436 1682 471 Cyrillo
1701 444 1727 471 p.
1741 441 1784 465 94.
1800 446 1824 465 v.
1840 442 1881 466 16,

344 485 421 511 Vitae
440 483 547 511 futurae
566 482 684 517 praemia
705 490 730 517 p.
745 485 811 513 490,
824 485 851 508 et
868 480 944 508 alibi.
1206 479 1358 512 ’Υπάρξουσι
1378 477 1457 504 let-tio
1478 486 1517 513 ps.
1531 479 1714 507 LXXXVIII.
1732 485 1773 509 16.
1789 491 1838 517 pro
1856 485 2021 514 κατακαυθή-

343 527 543 555 Vocabulorum
563 527 592 553 in
612 525 747 561 theologia
762 525 873 553 vitanda
890 525 1057 561 ambiguitas
1069 533 1095 560 p.
1110 529 1152 552 71.
1261 533 1348 548 omma
1369 530 1394 557 ι).
1410 526 1470 549 354.

344 572 455 599 Vocatio
473 571 596 605 gentium
617 573 720 605 p.143.
1204 568 1382 602 ’Υπερικετείαι
1410 567 1499 595 dietae
1524 568 1558 595 ob
1585 569 1772 597 excellentiam
1801 579 1893 606 preces
1918 573 2018 602 Clu-isti

343 616 477 643 Noluntas
497 615 578 642 etiam
601 615 720 642 humana
744 615 771 641 in
790 615 898 642 Christo
919 614 971 642 suit
991 616 1024 641 A.
1045 622 1071 650 p.
1092 619 1152 643 584.
1262 620 1286 647 p.
1302 615 1362 638 478-
1377 619 1439 638 cum
1459 612 1523 639 adn.
1753 607 1757 610 ⁴

394 660 428 686 G.
446 662 507 686 591.
1603 683 1608 689 .

342 703 497 738 Voluptatis
509 703 670 737 vituperatio
683 711 708 738 p.
724 706 781 730 125.
798 705 857 730 130.
870 706 929 730 149.
947 706 1005 730 167.
1019 707 1079 730 242.
1091 707 1151 732 295.
1603 683 1622 708 L

394 751 454 775 309.
468 751 529 774 477.
1207 746 1366 773 Zachariam
1386 747 1575 774 Prnecursoris
1593 753 1748 782 parentem,
1767 750 1853 779 fuisse
1872 752 1951 779 ilium
1971 760 2017 779 oc-

342 792 443 827 Vulpes
457 796 483 818 et
497 791 619 818 volut-res
633 791 705 818 maio
724 791 862 818 interdum
877 799 959 819 sensu
972 791 999 818 in
1012 799 1047 819 ss.
1061 792 1153 819 bibliis
1259 790 1346 817 cisum
1359 790 1432 816 inter
1442 790 1575 824 templum
1588 795 1614 817 et
1625 792 1723 825 altare,
1736 794 1877 822 traditioni
1887 804 1942 823 non
1953 798 2018 824 scri—

392 844 418 870 p.
440 838 500 863 244.
1259 838 1321 869 ptae
1334 838 1476 868 aeceptum
1490 833 1572 860 refert
1584 834 1702 870 Cyrillus
1717 844 1742 871 p.
1757 840 1816 864 283.
1831 840 1859 865 in
1874 840 1938 867 adn⁴
1953 849 2018 868 con.

341 881 474 915 Vulpem,
494 889 550 907 non
571 879 725 913 Herodem,
746 879 793 907 sed
817 880 991 915 pharisaeum
1015 879 1152 915 quendam
1261 877 1411 905 tradicente.
1429 881 1522 904 tamen
1542 878 1718 914 Hieronymo.

393 924 461 951 dixit
479 925 605 952 Christus
624 926 692 952 Luc.
706 925 786 951 XIII.
802 928 844 952 32.
859 933 885 960 p.
901 927 961 952 327.
1209 923 1360 958 waozom'a
1372 942 1378 954 2
1398 923 1452 950 nisi
1472 926 1512 949 est
1530 930 1579 956 pro
1599 924 1734 958 ξηροσιτιά
1751 925 1782 952 E..
1799 933 1824 961 p.
1841 929 1900 953 513.

774 1211 966 1246 Yoluminis
992 1211 1248 1245 emendationes
1273 1217 1307 1244 et
1332 1209 1577 1244 additamenta.

420 1343 483 1375 Pan.
500 1345 543 1368 29.
558 1341 621 1368 adn.
639 1345 661 1368 1.
676 1341 758 1369 adde:
775 1342 835 1369 sine
854 1341 939 1368 dubio
958 1341 1065 1375 tegatur
1083 1341 1143 1367 9⁵00*
1163 1348 1212 1375 pro
1231 1341 1324 1376 κυρίου.
1347 1342 1416 1368 Nam
1437 1340 1496 1367 Sem}
1516 1339 1597 1367 hahet
1614 1340 1671 1375 ipse
1686 1339 1805 1376 Cyrinus
1825 1347 1850 1374 p.
1864 1343 1907 1366 94.
1928 1341 1958 1367 P.
1973 1344 2015 1368 30.

340 1396 362 1413 v.
377 1390 402 1414 (i.
417 1395 431 1413 a
451 1386 499 1413 fin.
515 1388 666 1420 mutuoque
684 1387 861 1421 superiecta;
875 1385 919 1413 dic.
939 1386 1044 1421 potius:
1060 1388 1088 1412 et
1105 1386 1187 1413 aliud
1199 1386 1257 1412 αΙῐο
1271 1387 1411 1420 superius.
1432 1386 1467 1412 Et
1481 1385 1574 1412 confer
1586 1393 1613 1419 p.
1627 1387 1688 1411 558.
1703 1384 1766 1412 adn.
1783 1388 1806 1411 1.
1828 1385 1857 1411 P.
1875 1388 1916 1411 31.
1931 1386 2018 1412 Omit-

339 1435 412 1458 tatur
426 1430 489 1457 adn.
508 1434 529 1457 1.
551 1431 580 1456 P.
595 1433 638 1457 48.
654 1438 677 1456 v.
690 1433 715 1456 9.
730 1438 799 1457 corr.
816 1430 1030 1457 irretiebantur.
1052 1431 1082 1456 P.
1098 1432 1158 1456 111.
1173 1429 1201 1456 in
1214 1429 1278 1456 adn.
1295 1428 1378 1456 adde:
1392 1437 1442 1456 nec
1454 1437 1511 1456 non
1525 1429 1674 1464 Gregorius
1687 1436 1761 1464 nyss.
1775 1429 1853 1463 epist.
1870 1427 1903 1455 ad
1918 1429 2013 1457 Eusth.

338 1481 364 1503 et
383 1476 510 1502 Ambros.
525 1483 586 1510 opp.
601 1476 633 1502 T.
650 1475 686 1501 ΙΙ.
701 1483 726 1510 p.
743 1478 820 1502 1093.
841 1475 871 1501 P.
888 1478 947 1501 128.
963 1483 987 1501 v.
1004 1478 1030 1501 9.
1046 1483 1060 1501 a
1080 1475 1127 1501 fin.
1143 1482 1212 1502 corr.
1231 1476 1314 1510 ἴδομεν
1327 1495 1334 1506 ,
1353 1478 1381 1501 et
1398 1476 1586 1509 coquorimus.
1607 1474 1636 1500 P.
1656 1476 1714 1500 150.
1728 1473 1819 1500 Locus
1838 1473 1923 1501 ferme
1942 1481 2016 1508 repe-

338 1521 404 1546 titus
424 1519 452 1546 in
471 1523 538 1546 orat.
561 1518 595 1546 ad
615 1519 721 1554 reginas
741 1527 804 1554 opp.
825 1520 856 1545 T.
870 1520 902 1545 V.
918 1523 988 1553 part.
1009 1523 1034 1545 2.
1055 1527 1082 1554 p.
1101 1522 1157 1546 157.
1178 1520 1212 1545 D.
1234 1520 1263 1545 P.
1280 1522 1338 1546 190.
1359 1527 1384 1546 v.
1400 1522 1441 1546 10.
1463 1526 1477 1545 a
1497 1518 1545 1545 fin.
1566 1526 1635 1545 corr.
1657 1518 1803 1547 ἑπιθήσετε.
1824 1519 1854 1545 P.
1868 1521 1928 1545 213.
1950 1518 2014 1545 adn.

338 1572 361 1589 v.
379 1568 403 1591 3.
419 1572 468 1590 sico
487 1572 556 1591 corr.
578 1572 640 1598 quo.
661 1564 692 1590 P.
707 1567 770 1591 237.
791 1572 814 1589 v.
830 1567 855 1591 3.
876 1571 891 1589 a
910 1563 958 1590 fin.
980 1562 1160 1590 inserendum
1180 1563 1365 1598 fragmentum
1384 1571 1414 1590 ex
1433 1562 1516 1590 tertio
1536 1566 1610 1589 tomo
1629 1571 1655 1598 p.
1673 1570 1713 1597 gr.
1730 1566 1789 1590 110.
1811 1564 1906 1592 δεικνύς
1919 1578 1935 1582 -
1949 1574 2016 1598 χρη-

337 1611 468 1644 ματίσας,
489 1617 513 1644 p.
535 1609 582 1635 lat.
605 1611 646 1635 72.
668 1609 698 1634 P.
719 1612 780 1635 348.
801 1608 830 1635 in
849 1607 914 1635 adn.
935 1616 1004 1636 corr.
1026 1608 1105 1639 οἶκος.
1126 1609 1156 1636 P.
1177 1612 1239 1635 416.
1256 1616 1279 1634 v.
1304 1612 1344 1635 10.
1365 1616 1380 1635 a
1400 1608 1447 1634 fin.
1470 1607 1553 1635 adde:
1575 1610 1602 1634 et
1620 1609 1784 1642 sanquinem
1805 1609 1864 1634 eius
1884 1607 2014 1634 bibentes.

337 1656 366 1680 P.
388 1657 448 1681 444.
470 1662 494 1680 v.
515 1657 540 1680 6,
561 1661 576 1680 a
595 1654 642 1680 fin.
665 1661 734 1681 corr.
757 1656 816 1680 114.
838 1654 867 1680 Ρ.
888 1656 950 1680 482.
971 1653 999 1680 in
1019 1653 1112 1680 adnot.
1134 1661 1203 1680 corr.
1226 1657 1269 1680 42.
1290 1654 1320 1680 Ρ.
1341 1656 1402 1680 488.
1423 1653 1452 1679 in
1472 1652 1535 1679 adn.
1557 1660 1581 1678 v.
1604 1655 1645 1678 11.
1667 1651 1727 1678 die:
1747 1651 1834 1677 semel
1855 1654 1882 1676 e!
1900 1653 2012 1676 iterum.

338 1700 367 1726 P.
382 1703 442 1726 524.
457 1707 480 1725 v.
495 1703 520 1726 7.
536 1707 605 1726 corr.
620 1707 729 1733 melque.
750 1700 780 1725 P.
797 1702 857 1725 544.
873 1699 973 1726 citatus
993 1706 1007 1725 a
1027 1699 1142 1725 Leontio
1161 1698 1256 1725 Aeluri
1276 1698 1353 1724 locus
1372 1701 1445 1724 extat
1463 1697 1544 1724 etiam
1564 1698 1593 1722 in
1610 1697 1640 1722 T.
1655 1695 1700 1721 vt.
1716 1702 1742 1728 p.
1756 1697 1816 1720 515.
1837 1694 2014 1728 supplemen-

338 1748 428 1770 torum
447 1743 546 1770 Mansii
565 1743 599 1770 ad
612 1743 750 1775 Concilia3
764 1742 811 1770 sed
831 1742 867 1770 ibi
886 1743 997 1771 incaute
1016 1742 1214 1770 continuantur
1232 1746 1372 1776 tamquam
1388 1741 1482 1768 Aeluri
1499 1740 1592 1769 verba,
1609 1746 1678 1772 quae
1692 1742 1756 1765 sunt
1769 1738 1886 1765 Leontii.
1908 1738 1937 1764 P.
1952 1740 2012 1767 (5452.

339 1795 352 1813 v
378 1790 418 1814 1⁶2.
440 1787 480 1814 acl
498 1795 568 1813 corr⁴
589 1787 734 1814 adversus.
