2219 3322
35 865 47 872 '
63 862 124 883 HIer.

0 889 101 910 xxxm.
119 892 150 910 ω.

742 219 783 242 Ex
809 218 913 241 OPERE
939 217 1064 241 CONTRA
1089 218 1312 241 SYNUSIASTAS.

185 291 255 319 tem
268 311 275 324 ‚
298 296 377 318 cum
395 285 431 318 in
451 286 555 319 vitam
576 290 653 331 post
674 284 813 318 tertium
838 283 929 317 diem
949 294 1004 316 re-

185 342 247 376 diit
259 369 266 381 ‚
278 344 415 388 suisque
428 342 605 389 discipulis
620 342 843 388 conspicuum
857 352 892 374 se
903 339 1004 375 fecit?

251 433 322 465 XV.
345 432 445 465 Idem
466 431 617 478 Cyrillus
640 431 675 464 in
696 430 815 464 eodem
834 430 935 464 libro.

256 516 339 556 Quis
355 522 553 548 sauctorum
574 520 710 560 patrum
730 515 812 548 haec
832 520 902 548 tam
918 513 1005 548 dura

186 573 352 619 praedixit
365 599 372 609 ,
389 579 422 606 et
442 571 688 618 impossibilia.
707 583 768 605 nec
784 571 895 605 hilum
913 572 1005 605 veri-

185 631 261 664 tatis
275 629 460 664 habentia?
476 630 559 669 Quis
575 629 813 674 apostolorum
829 635 884 662 aut
901 640 1006 662 evan-

185 688 384 733 gelistarum
400 686 503 721 verba
519 687 720 720 huiusmodi
735 687 903 732 protulit?
923 688 1004 719 Pro-

186 746 276 780 fecto
302 757 416 779 nemo.
446 744 712 779 Confundantur
738 745 852 789 itaque
877 745 935 789 qui
964 755 1004 777 ex

185 804 291 837 corde
310 815 390 841 suo,
405 814 475 836 non
495 814 536 836 ex
550 803 690 836 Domini
711 814 771 836 ore
791 802 1001 847 loquuntur,

186 862 234 894 uti
255 861 421 906 scriptum
441 866 489 894 est
510 861 534 893 “.
557 862 626 894 Nos
645 866 758 893 autem
777 859 1004 893 orthodoxiae

186 917 320 963 legibus
345 917 505 956 subiecti,
529 929 616 963 quae
636 924 704 951 tam
727 917 912 963 diligenter
936 923 1004 951 sta-

186 975 281 1009 bilita
297 975 358 1008 fuit
369 1002 376 1011 ,
394 975 574 1009 sectandae
589 981 784 1009 sanctorum
800 981 937 1020 patrum
951 986 1003 1008 re-

187 1039 238 1066 tae
259 1032 436 1066 doctrinae
455 1044 596 1077 operam
616 1032 757 1070 demus;
780 1043 890 1077 neque
908 1033 1003 1065 vanis

185 1089 448 1124 x‘ociferantium
475 1088 746 1128 nonnullorum,
767 1090 826 1134 qui
845 1089 929 1122 nihil
950 1090 1004 1122 in-

185 1147 362 1192 telligunt.
383 1146 482 1179 dictis
509 1146 760 1183 auscultemus,
781 1146 826 1179 ita
853 1151 889 1179 ut
915 1157 1002 1191 quae

184 1205 325 1238 minime
344 1204 469 1237 decent
487 1204 691 1249 opinemur:
715 1204 773 1237 sed
794 1201 923 1248 ubique
943 1215 1003 1237 xe-

183 1262 275 1295 ritati
303 1260 550 1298 adhacrentes,
580 1266 802 1305 mentemque
829 1271 1003 1293 sacrarum

183 1320 432 1365 scripturarum
445 1319 593 1352 oraculis
604 1318 820 1352 intendentes
829 1344 836 1356 ,
848 1318 1002 1352 dicamus

183 1377 319 1410 Domini
340 1388 478 1410 carnem
497 1376 710 1424 intelligente
729 1376 841 1409 anima
859 1387 931 1409 esse
950 1376 1003 1408 in-

183 1434 365 1468 formatam
377 1461 384 1471 ,
401 1445 545 1479 eamque
559 1434 711 1467 dixinam
727 1433 907 1467 credamus
917 1459 924 1469 ,
937 1433 1002 1466 im-

183 1492 388 1526 maculatam
401 1518 408 1530 ‚
424 1491 611 1537 gloriosam
623 1517 630 1529 ,
648 1491 799 1537 ideoque
811 1497 845 1524 et
857 1491 943 1524 alios
956 1491 1002 1524 vi-

182 1549 378 1583 vificantem
404 1561 442 1583 ac
467 1548 756 1586 sanctificantem,
776 1554 896 1594 utpote
914 1559 1002 1593 quae

182 1605 286 1640 Verbi
318 1607 458 1652 propria
489 1606 551 1640 fuit
569 1633 576 1644 ,
606 1617 622 1639 a
650 1607 722 1640 Deo
749 1612 846 1651 patre
872 1611 903 1639 et
931 1616 1001 1639 non

182 1663 321 1697 aliunde
343 1664 467 1709 geniti2
489 1675 634 1709 eamque
654 1675 844 1708 numquam
863 1674 1002 1696 carnem

181 1721 216 1754 in
241 1727 400 1754 naturam
419 1720 554 1754 deitatis
574 1727 740 1754 mutatam
762 1719 997 1754 adfirmemus.

183 1810 269 1842 XVI.
298 1811 449 1842 Saucius
477 1807 627 1854 Cyrillus
654 1808 691 1841 in
719 1807 808 1841 libro
835 1807 1001 1841 adversus

254 1865 450 1898 Diodorum
469 1864 570 1898 Tarsi
582 1864 781 1911 episcopum
797 1865 842 1909 t)
855 1891 862 1902 ‚
879 1864 942 1910 qui
955 1864 1002 1897 in-

256 1921 359 1966 cipis.-
376 1930 458 1954 (mte
477 1921 597 1954 omnia
617 1921 764 1958 cerium,
784 1933 892 1967 quam
910 1920 1004 1955 nihil

255 1978 419 2024 coarguit
431 2005 438 2014 ‚
461 1991 588 2024 nosque
609 1978 678 2024 ipsi
696 1987 787 2011 recle
807 1978 849 2011 cle
869 1979 932 2011 illa
951 1979 1001 2011 lo-

255 2034 318 2081 qui
342 2034 512 2068 norimus.

255 2119 345 2159 Quid
361 2120 395 2152 ni
409 2118 594 2164 oportebat
614 2118 657 2152 ab
673 2131 714 2152 eo
729 2120 844 2165 potius
858 2119 1003 2154 demon-

1804 205 1869 239 451

1059 284 1177 321 strari,
1201 283 1284 329 quid
1312 284 1402 317 inter
1427 282 1537 316 carnis
1563 287 1595 315 et
1621 280 1757 314 deitatis
1783 282 1875 314 attri-

1058 340 1141 375 buta
1159 340 1313 375 intersit?
1332 341 1396 375 Aio
1410 341 1531 385 igitur,
1551 339 1586 373 in
1605 339 1748 384 singulis
1764 351 1874 385 nuper

1059 399 1243 432 nominatis
1257 397 1361 432 rebus
1371 424 1378 435 ,
1396 399 1466 431 sive
1481 397 1658 443 corporeis
1673 396 1743 429 sive
1759 407 1854 429 secus
1864 421 1871 433 ,

1059 467 1195 489 carnem
1222 467 1293 489 esse
1312 466 1400 500 <guae
1419 454 1463 488 de
1481 454 1630 487 humana
1651 453 1760 487 forma
1784 465 1875 486 sum-

1059 518 1115 557 pta
1134 512 1214 551 fuit;
1231 512 1382 546 Verbum
1399 518 1510 545 autem
1527 511 1621 556 quod
1637 522 1655 544 e
1670 511 1776 556 patris
1792 510 1874 544 suh-

1058 571 1179 603 stantia
1207 570 1346 615 prodiit.
1377 569 1477 603 Haud
1505 569 1632 602 idtirco
1653 575 1767 602 tamen
1786 568 1875 601 divi-

1059 628 1193 661 dendus
1212 629 1246 660 in
1266 628 1353 661 duos
1379 634 1428 660 est
1450 628 1571 661 unicus
1590 627 1648 660 ille
1667 633 1782 660 noster
1809 626 1873 659 do-

1058 685 1172 718 minus
1198 686 1289 718 lesus
1316 685 1481 718 Christus.

1107 774 1209 807 XVII.
1232 773 1329 807 Idem
1353 774 1503 820 Q‘rillus
1523 772 1560 806 in
1580 773 1700 807 eodem
1720 773 1822 806 libs-0.

1130 858 1279 891 Dicimus
1298 858 1433 890 Domini
1457 869 1594 891 carnem
1615 859 1726 891 anima
1746 857 1874 891 intelli-

1059 921 1157 959 gente
1179 926 1250 948 esse
1269 916 1465 948 animatam.
1494 916 1599 961 Saepe
1618 927 1681 949 nos
1700 915 1766 949 hoc
1785 915 1873 948 dixi-

1058 984 1153 1010 mus,
1175 979 1207 1006 et
1236 985 1324 1006 nunc
1347 984 1486 1018 quoque
1512 985 1586 1006 rem
1614 973 1658 1006 ita
1684 985 1719 1007 se
1744 971 1872 1006 hahere

1058 1029 1173 1064 denuo
1200 1029 1437 1063 adfirmamus.

1105 1119 1223 1152 xvttt.
1244 1117 1341 1151 Idem
1358 1117 1509 1163 Cyrl'llus
1525 1118 1560 1151 ιή
1579 1119 1697 1152 eodem
1718 1119 1820 1152 libro.

1129 1202 1194 1235 Sed
1221 1202 1412 1235 Diodorum
1438 1213 1577 1247 quoque
1596 1202 1787 1236 audiamus.
1816 1204 1871 1236 Sin

1056 1271 1140 1293 vero
1160 1265 1195 1292 tu
1214 1259 1249 1292 id
1268 1259 1351 1292 dicis
1365 1259 1409 1292 ‹le
1422 1261 1613 1297 Nazareno,
1630 1271 1754 1305 nempe
1768 1261 1794 1293 si
1812 1260 1871 1294 ho-

1056 1318 1183 1350 minem
1199 1317 1352 1362 appellas
1368 1317 1475 1356 hunc,
1491 1319 1549 1362 qni
1569 1317 1770 1363 adsumptus
1790 1318 1849 1351 fuit
1861 1344 1869 1354 .

1056 1375 1199 1408 ostende
1213 1374 1312 1408 nobis
1323 1401 1330 1413 ‚
1347 1375 1431 1408 nihil
1447 1375 1682 1414 dissimulans,
1695 1382 1871 1409 externam

1056 1443 1257 1478 personam;
1274 1439 1437 1477 tuamque
1451 1432 1576 1466 diserte
1595 1434 1797 1466 senteutiam
1816 1445 1872 1466 ex-

1056 1501 1163 1536 pone,
1181 1502 1292 1536 neque
1306 1502 1444 1524 carnem
1458 1491 1641 1524 inanimem
1657 1490 1761 1523 dicas.
1777 1511 1799 1515 -
1814 1492 1871 1524 Ai-

1055 1549 1113 1592 qui
1142 1548 1318 1581 audientes
1345 1554 1381 1581 tu
1408 1547 1526 1581 fallere
1553 1554 1668 1593 putas.
1691 1549 1769 1593 quia
1789 1560 1872 1582 con-

1056 1612 1184 1639 stanter
1203 1617 1266 1639 nos
1285 1605 1561 1643 adfinnaxinms,
1579 1618 1716 1640 carnem
1732 1618 1797 1652 pro
1812 1619 1871 1641 sua

1055 1664 1188 1697 ratione
1215 1674 1251 1696 ac
1278 1669 1398 1697 natura
1425 1663 1565 1697 differre
1585 1676 1603 1697 a
1621 1663 1752 1703 Verbo,
1776 1661 1871 1710 quod

1055 1720 1098 1754 de
1117 1722 1188 1754 Deo
1209 1727 1306 1766 patre
1325 1727 1441 1754 natum
1461 1727 1522 1754 est.
1545 1723 1636 1755 Haec
1657 1728 1769 1755 tamen
1791 1734 1872 1767 pro-

1056 1779 1129 1823 pria
1156 1778 1228 1811 eins
1253 1789 1334 1812 caro
1359 1778 1420 1812 fuit
1445 1785 1588 1824 propter
1606 1779 1872 1825 inseparabilem

1055 1836 1346 1869 coniunctionem.
1679 1835 1683 1838 ’

1110 1925 1198 1957 XlX.
1222 1924 1318 1957 Idem
1344 1925 1495 1958 erillus
1516 1924 1550 1957 ιή
1571 1925 1689 1958 eodem
1710 1925 1811 1958 libro.

1127 2009 1238 2041 Immo
1264 2009 1378 2053 potius
1398 2020 1486 2041 unus
1504 2008 1665 2053 idemque.
1692 2008 1782 2042 filius
1802 2016 1869 2047 est,

1055 2070 1093 2097 ut
1108 2065 1287 2110 perspicue
1301 2066 1520 2110 cognoscitur
1530 2091 1537 2101 ,
1554 2065 1596 2099 de
1610 2065 1796 2100 substantia
1812 2068 1872 2100 Dei

1058 2123 1163 2166 patris
1189 2121 1377 2155 secundum
1404 2122 1637 2161 divinitatem,
1659 2129 1690 2157 et
1711 2134 1751 2156 ex
1772 2123 1872 2158 nobis

265 2220 299 2242 tt&
320 2216 466 2243 Liberatus
486 2216 618 2243 diaconus
638 2217 666 2243 in
685 2216 818 2243 breviario
837 2225 896 2252 cap.
918 2219 954 2244 X.
972 2218 1024 2245 sie:
1047 2219 1174 2253 Cyrsllus
1194 2221 1251 2245 tres
1269 2221 1386 2253 scripsit
1404 2219 1490 2246 libros
1509 2220 1646 2247 mle-ersus
1665 2221 1821 2247 Diodorum
1844 2223 1871 2247 et

190 2261 380 2293 Theodorum,
397 2262 480 2295 quasi
499 2263 656 2288 nestoriam·
674 2261 818 2296 zloqnmte's
837 2264 977 2289 auc-tows.
998 2262 1058 2289 Alia
1079 2267 1198 2289 veterum
1219 2263 1252 2289 de
1273 2264 1322 2289 hac
1338 2272 1366 2289 re
1380 2264 1537 2291 testimonia
1554 2264 1665 2295 collegit
1679 2264 1822 2291 Fabricius
1843 2266 1871 2292 in

188 2307 216 2331 r».
234 2314 274 2331 er.
291 2305 333 2332 ed.
350 2314 412 2332 nov.
429 2307 460 2332 T.
478 2306 527 2332 lx.
546 2314 571 2340 p.
588 2309 654 2339 495,
670 2314 740 2341 quae
759 2307 901 2334 cumulare
920 2315 988 2342 opus
1007 2316 1064 2334 non
1083 2312 1136 2340 est,
1158 2308 1317 2342 praesertim
1338 2308 1401 2343 quia
1421 2317 1476 2335 non
1497 2317 1582 2343 pauca
1602 2309 1712 2336 illorum
1734 2309 1869 2336 librorum

185 2350 338 2384 fragmenta
359 2350 386 2376 in
406 2351 501 2385 quinta
521 2350 641 2385 generali
661 2350 764 2386 synodo
785 2351 876 2378 collat.
894 2352 926 2377 V.
944 2351 1108 2384 recitatum-3
1125 2352 1225 2387 quibus
1245 2352 1298 2379 alia
1319 2361 1386 2380 nova
1406 2361 1481 2380 nune
1497 2362 1511 2380 a
1527 2353 1606 2380 nobis
1625 2353 1760 2381 accedunt
1779 2362 1809 2381 ex
1829 2363 1870 2390 sy-

187 2394 266 2420 riacis
281 2394 461 2421 bibliothecae
476 2395 615 2422 vaticanae
630 2395 771 2423 codicibus
786 2400 872 2423 eruta.
894 2397 984 2431 Quare
999 2396 1099 2424 frustra
1116 2402 1156 2424 est
1172 2397 1318 2424 Facundus
1334 2397 1533 2425 hermianensis
1554 2398 1600 2425 lib.
1615 2400 1689 2425 VIII.
1705 2402 1730 2425 Γ».
1747 2403 1773 2425 et
1787 2399 1867 2431 alibi⁷

185 2438 251 2464 dum
271 2437 304 2464 de
324 2438 420 2473 cyrilti
439 2438 515 2465 libris
534 2443 627 2465 contra
649 2439 824 2466 Theodorum
844 2440 970 2468 dubitare
988 2441 1061 2473 vult,
1079 2442 1141 2476 quia
1158 2450 1255 2476 nempe
1276 2450 1370 2476 parum
1391 2443 1414 2469 ei
1435 2442 1537 2476 placet,
1554 2443 1635 2469 talem
1653 2447 1815 2477 tantumque
1830 2444 1869 2469 ri-

184 2491 246 2509 rum
267 2482 438 2509 adversatum
462 2482 547 2510 fuisse
566 2483 726 2517 Theodoro,
747 2485 792 2511 cui
817 2485 874 2520 ipse
898 2489 954 2512 toto
975 2494 1024 2512 suo
1043 2494 1123 2521 opere
1143 2488 1339 2521 patrocinatur.
1360 2486 1484 2513 Facundi
1504 2487 1601 2514 falsam
1626 2487 1781 2522 opinionem
1801 2486 1869 2513 alios

183 2526 316 2562 quosdam
338 2527 527 2562 pamicipasse‚
543 2536 573 2554 ex
593 2528 688 2555 eodem
707 2529 836 2556 Liberato
857 2538 916 2565 cap.
933 2531 980 2557 cit.
997 2531 1198 2565 cognoscimus.
1218 2532 1344 2566 Denique
1363 2531 1480 2564 adnoto,
1496 2531 1681 2564 fragmentum
1701 2532 1765 2557 item
1786 2530 1869 2565 cyril-

185 2571 250 2597 liani
270 2572 361 2606 operIS
380 2579 393 2598 a
414 2571 544 2598 Facundo
563 2571 612 2598 lib.
634 2573 683 2599 III.
705 2576 731 2599 6.
751 2574 910 2607 recitatum,
932 2583 945 2601 a
966 2575 1066 2601 nostris
1087 2575 1128 2602 lus
1150 2575 1270 2603 differre.
1291 2577 1391 2603 Contra
1412 2575 1523 2603 Diodori
1543 2575 1733 2609 'I‘heodorique
1752 2574 1869 2601 infames

185 2616 335 2642 sententias
354 2615 511 2649 gravissime
531 2615 669 2643 invehitur
686 2617 807 2652 Cyrillus
827 2618 905 2652 epist.
927 2618 960 2645 ad
982 2619 1131 2646 Iohannem
1151 2620 1272 2646 anfiorli.
1293 2621 1362 2655 Opp.
1385 2621 1415 2647 T.
1433 2622 1464 2646 V.
1487 2625 1554 2655 part.
1576 2623 1601 2646 2.
1623 2628 1648 2654 1).
1673 2622 1730 2645 195.
1752 2620 1785 2645 D.
1807 2619 1868 2653 Quo

185 2661 243 2686 Ioco
256 2661 338 2687 etiam
354 2660 473 2695 poenitet
486 2668 548 2687 eum
562 2660 635 2695 quod
649 2661 711 2688 illos
725 2662 790 2688 olim
806 2663 966 2697 imprudens
979 2663 1131 2696 laudasset,
1146 2665 1225 2691 cuius
1238 2666 1276 2692 rei
1290 2666 1365 2692 testis
1379 2670 1419 2692 est
1433 2665 1563 2691 Leontius
1576 2664 1608 2689 de
1621 2664 1701 2690 sectis
1714 2667 1766 2690 act.
1781 2664 1824 2688 IV.
1837 2667 1866 2696 3,

183 2703 230 2730 ubi
251 2708 342 2731 tamen
361 2703 510 2731 adnotatur
529 2705 754 2740 Chrysostomum
774 2714 882 2742 quoque
901 2711 928 2733 et
948 2708 1080 2734 Basiliuin
1101 2708 1197 2735 iisdem
1222 2709 1380 2736 hominibus
1405 2708 1513 2735 laudem
1534 2707 1706 2739 attribuisse.
1728 2711 1866 2742 propterea

184 2748 257 2783 quod
271 2750 381 2775 arianos
396 2748 589 2775 Macedonium
604 2753 630 2775 et
644 2750 829 2783 Apollinarem
846 2751 1046 2778 refutavissent.
1064 2753 1094 2779 In
1108 2753 1269 2780 collectione
1283 2754 1413 2780 canonica
1430 2752 1561 2779 Ebediesu
1579 2752 1726 2778 nestoriani
1740 2755 1780 2785 (p.
1793 2755 1867 2783 130.)

185 2801 198 2819 a
219 2792 299 2820 nobis
318 2793 391 2819 edita
411 2793 508 2827 Script.
531 2797 581 2819 ret.
603 2794 634 2820 T.
655 2795 690 2820 X.
713 2794 864 2826 Diodorus,
886 2796 1061 2829 Theodorus,
1078 2801 1158 2832 atque
1177 2799 1319 2825 Nestorius
1339 2798 1469 2824 dicuntur
1488 2801 1576 2823 sectae
1595 2795 1737 2831 splendida
1757 2800 1783 2822 et
1802 2804 1865 2823 san-

183 2838 304 2864 ctissima
325 2837 482 2864 luminaria.
503 2838 568 2864 Fuit
586 2838 670 2873 igitur
689 2846 840 2873 congruum
859 2844 890 2867 ut
909 2841 1027 2875 Cyrillus
1042 2842 1158 2869 Nestorii
1178 2842 1385 2869 strenuissimus
1405 2840 1588 2873 adversarius⁷
1605 2844 1698 2867 contra
1714 2839 1865 2867 Diodorum

183 2889 291 2916 quoque
311 2887 393 2917 atque
413 2881 587 2909 Theodorum
608 2890 683 2910 arma
703 2883 848 2918 expediret.
870 2885 970 2912 Confer
988 2886 1070 2912 etiam
1090 2886 1219 2913 Pliotium
1239 2886 1311 2921 apud
1332 2893 1381 2913 nos
1400 2885 1493 2920 Spicil.
1515 2893 1582 2912 rom.
1604 2886 1635 2912 T.
1657 2885 1692 2911 X.
1714 2888 1822 2920 9.-456.
