<?xml version="1.0" encoding="UTF-8"?>
<!DOCTYPE html PUBLIC "-//W3C//DTD XHTML 1.0 Transitional//EN"
    "http://www.w3.org/TR/xhtml1/DTD/xhtml1-transitional.dtd">
<html xmlns="http://www.w3.org/1999/xhtml" xml:lang="en" lang="en">
 <head>
  <title>
</title>
<meta http-equiv="Content-Type" content="text/html;charset=utf-8" />
  <meta name='ocr-system' content='tesseract 3.04.00' />
  <meta name='ocr-capabilities' content='ocr_page ocr_carea ocr_par ocr_line ocrx_word'/>
</head>
<body>
  <div class='ocr_page' id='page_1' title='image "./novaepatrumbibli02maiauoft/novaepatrumbibli02maiauoft_0604.png"; bbox 0 0 2219 3322; ppageno 0'>
   <div class='ocr_carea' id='block_1_1' title="bbox 321 195 2031 1738">
    <p class='ocr_par' dir='ltr' id='par_1_1' title="bbox 327 195 2023 452">
     <span class='ocr_line' id='line_1_1' title="bbox 330 195 398 230; baseline 0.015 -1"><span class='ocrx_word' id='word_1_1' title='bbox 330 195 398 230; x_wconf 73' lang='lat'><em>586</em></span> 
     </span>
     <span class='ocr_line' id='line_1_2' title="bbox 329 265 2019 307; baseline 0.005 -14"><span class='ocrx_word' id='word_1_2' title='bbox 329 266 388 293; x_wconf 72' lang='lat' dir='ltr'><em>[loc</em></span> <span class='ocrx_word' id='word_1_3' title='bbox 412 273 479 294; x_wconf 69' lang='lat' dir='ltr'><em>ret-o</em></span> <span class='ocrx_word' id='word_1_4' title='bbox 502 267 646 302; x_wconf 62' lang='lat' dir='ltr'><em>messorium</em></span> <span class='ocrx_word' id='word_1_5' title='bbox 666 265 738 294; x_wconf 72' lang='lat' dir='ltr'><em>milei</em></span> <span class='ocrx_word' id='word_1_6' title='bbox 757 265 878 302; x_wconf 74' lang='lat' dir='ltr'><em>benique</em></span> <span class='ocrx_word' id='word_1_7' title='bbox 901 265 1066 303; x_wconf 69' lang='lat' dir='ltr'><em>expedit-it,</em></span> <span class='ocrx_word' id='word_1_8' title='bbox 1084 273 1143 303; x_wconf 78' lang='lat' dir='ltr'><em>pro</em></span> <span class='ocrx_word' id='word_1_9' title='bbox 1166 274 1219 295; x_wconf 87' lang='lat' dir='ltr'><em>suo</em></span> <span class='ocrx_word' id='word_1_10' title='bbox 1235 268 1344 297; x_wconf 76' lang='lat' dir='ltr'><em>eximio</em></span> <span class='ocrx_word' id='word_1_11' title='bbox 1367 275 1440 304; x_wconf 71' lang='lat' dir='ltr'><em>erqa</em></span> <span class='ocrx_word' id='word_1_12' title='bbox 1462 275 1545 297; x_wconf 86' lang='lat' dir='ltr'><em>omne</em></span> <span class='ocrx_word' id='word_1_13' title='bbox 1563 266 1731 298; x_wconf 85' lang='lat' dir='ltr'><em>litterarum</em></span> <span class='ocrx_word' id='word_1_14' title='bbox 1746 278 1837 307; x_wconf 71' lang='lat' dir='ltr'><em>(senus</em></span> <span class='ocrx_word' id='word_1_15' title='bbox 1859 279 1956 300; x_wconf 85' lang='lat' dir='ltr'><em>amore</em></span> <span class='ocrx_word' id='word_1_16' title='bbox 1972 269 2019 302; x_wconf 76' lang='lat' dir='ltr'><em>ut.</em></span> 
     </span>
     <span class='ocr_line' id='line_1_3' title="bbox 327 318 2023 361; baseline 0.005 -17"><span class='ocrx_word' id='word_1_17' title='bbox 327 327 360 345; x_wconf 76' lang='lat' dir='ltr'><em>ac</em></span> <span class='ocrx_word' id='word_1_18' title='bbox 388 326 449 346; x_wconf 77' lang='lat' dir='ltr'><em>rer.</em></span> <span class='ocrx_word' id='word_1_19' title='bbox 475 318 709 355; x_wconf 62' lang='lat' dir='ltr'><em>archiepiscopus</em></span> <span class='ocrx_word' id='word_1_20' title='bbox 734 320 886 346; x_wconf 76' lang='lat' dir='ltr'><em>siraeensis</em></span> <span class='ocrx_word' id='word_1_21' title='bbox 913 319 1067 348; x_wconf 81' lang='lat' dir='ltr'><em>Odoardus</em></span> <span class='ocrx_word' id='word_1_22' title='bbox 1095 320 1296 357; x_wconf 83' lang='lat' dir='ltr'><em>Hurmutius,</em></span> <span class='ocrx_word' id='word_1_23' title='bbox 1324 322 1375 358; x_wconf 81' lang='lat' dir='ltr'><em>qui</em></span> <span class='ocrx_word' id='word_1_24' title='bbox 1402 323 1551 359; x_wconf 81' lang='lat' dir='ltr'><em>acceptum</em></span> <span class='ocrx_word' id='word_1_25' title='bbox 1578 330 1597 349; x_wconf 89' lang='lat' dir='ltr'><em>a</em></span> <span class='ocrx_word' id='word_1_26' title='bbox 1623 322 1773 351; x_wconf 83' lang='lat' dir='ltr'><em>sodalibus</em></span> <span class='ocrx_word' id='word_1_27' title='bbox 1798 325 1858 352; x_wconf 83' lang='lat' dir='ltr'><em>suis</em></span> <span class='ocrx_word' id='word_1_28' title='bbox 1885 325 2023 361; x_wconf 85' lang='lat' dir='ltr'><em>epistolae</em></span> 
     </span>
     <span class='ocr_line' id='line_1_4' title="bbox 327 370 2022 415; baseline 0.005 -18"><span class='ocrx_word' id='word_1_29' title='bbox 327 371 480 408; x_wconf 54' lang='lat' dir='ltr'><em>“montlitar</em></span> <span class='ocrx_word' id='word_1_30' title='bbox 494 371 668 408; x_wconf 79' lang='lat' dir='ltr'><em>fidelissime</em></span> <span class='ocrx_word' id='word_1_31' title='bbox 691 370 765 399; x_wconf 73' lang='lat' dir='ltr'><em>milti</em></span> <span class='ocrx_word' id='word_1_32' title='bbox 786 373 994 409; x_wconf 83' lang='lat' dir='ltr'><em>interpretatus</em></span> <span class='ocrx_word' id='word_1_33' title='bbox 1011 375 1067 410; x_wconf 86' lang='lat' dir='ltr'><em>est,</em></span> <span class='ocrx_word' id='word_1_34' title='bbox 1090 376 1177 411; x_wconf 85' lang='lat' dir='ltr'><em>atque</em></span> <span class='ocrx_word' id='word_1_35' title='bbox 1194 376 1228 403; x_wconf 86' lang='lat' dir='ltr'><em>ut</em></span> <span class='ocrx_word' id='word_1_36' title='bbox 1245 374 1343 402; x_wconf 83' lang='lat' dir='ltr'><em>latinis</em></span> <span class='ocrx_word' id='word_1_37' title='bbox 1367 372 1474 402; x_wconf 87' lang='lat' dir='ltr'><em>titteris</em></span> <span class='ocrx_word' id='word_1_38' title='bbox 1496 375 1630 412; x_wconf 78' lang='lat' dir='ltr'><strong><em>typisque</em></strong></span> <span class='ocrx_word' id='word_1_39' title='bbox 1651 377 1853 414; x_wconf 66' lang='lat' dir='ltr'><em>consiyrzai‘ein</em></span> <span class='ocrx_word' id='word_1_40' title='bbox 1870 377 2022 415; x_wconf 85' lang='lat' dir='ltr'><em>perliben-</em></span> 
     </span>
     <span class='ocr_line' id='line_1_5' title="bbox 327 426 508 452; baseline 0.011 -2"><span class='ocrx_word' id='word_1_41' title='bbox 327 426 371 451; x_wconf 78' lang='lat' dir='ltr'><em>ter</em></span> <span class='ocrx_word' id='word_1_42' title='bbox 394 426 508 452; x_wconf 72' lang='lat' dir='ltr'><em>(innuit.</em></span> 
     </span>
    </p>

    <p class='ocr_par' dir='ltr' id='par_1_2' title="bbox 321 475 2031 1738">
     <span class='ocr_line' id='line_1_6' title="bbox 417 475 2024 518; baseline 0.004 -13"><span class='ocrx_word' id='word_1_43' title='bbox 417 478 543 505; x_wconf 82' lang='lat' dir='ltr'><em>&#39;I&#39;ertium</em></span> <span class='ocrx_word' id='word_1_44' title='bbox 561 475 614 505; x_wconf 86' lang='lat' dir='ltr'><em>hoc</em></span> <span class='ocrx_word' id='word_1_45' title='bbox 630 477 727 514; x_wconf 81' lang='lat' dir='ltr'><em>itaque</em></span> <span class='ocrx_word' id='word_1_46' title='bbox 744 477 904 506; x_wconf 68' lang='lat' dir='ltr'><em>venerandi</em></span> <span class='ocrx_word' id='word_1_47' title='bbox 923 477 1062 507; x_wconf 76' lang='lat' dir='ltr'><em>Germani</em></span> <span class='ocrx_word' id='word_1_48' title='bbox 1075 480 1216 516; x_wconf 84' lang='lat' dir='ltr'><em>scriptum</em></span> <span class='ocrx_word' id='word_1_49' title='bbox 1233 481 1264 508; x_wconf 82' lang='lat' dir='ltr'><em>in</em></span> <span class='ocrx_word' id='word_1_50' title='bbox 1286 479 1379 508; x_wconf 84' lang='lat' dir='ltr'><em>lucem</em></span> <span class='ocrx_word' id='word_1_51' title='bbox 1402 478 1512 517; x_wconf 85' lang='lat' dir='ltr'><em>cssero;</em></span> <span class='ocrx_word' id='word_1_52' title='bbox 1531 479 1669 509; x_wconf 80' lang='lat' dir='ltr'><em>videlicet</em></span> <span class='ocrx_word' id='word_1_53' title='bbox 1683 483 1749 518; x_wconf 82' lang='lat' dir='ltr'><em>post</em></span> <span class='ocrx_word' id='word_1_54' title='bbox 1767 481 1946 511; x_wconf 77' lang='lat' dir='ltr'><em>luculentam</em></span> <span class='ocrx_word' id='word_1_55' title='bbox 1961 484 2024 511; x_wconf 82' lang='lat' dir='ltr'><em>eius</em></span> 
     </span>
     <span class='ocr_line' id='line_1_7' title="bbox 326 528 2023 572; baseline 0.004 -15"><span class='ocrx_word' id='word_1_56' title='bbox 326 529 361 557; x_wconf 73' lang='lat' dir='ltr'><em>(le</em></span> <span class='ocrx_word' id='word_1_57' title='bbox 386 531 460 557; x_wconf 77' lang='lat' dir='ltr'><em>ritae</em></span> <span class='ocrx_word' id='word_1_58' title='bbox 485 530 605 557; x_wconf 78' lang='lat' dir='ltr'><em>termino</em></span> <span class='ocrx_word' id='word_1_59' title='bbox 629 528 871 567; x_wconf 81' lang='lat' dir='ltr'><em>disputationem,</em></span> <span class='ocrx_word' id='word_1_60' title='bbox 894 539 982 568; x_wconf 79' lang='lat' dir='ltr'><em>quam</em></span> <span class='ocrx_word' id='word_1_61' title='bbox 1004 540 1043 560; x_wconf 77' lang='lat' dir='ltr'><em>ea:</em></span> <span class='ocrx_word' id='word_1_62' title='bbox 1065 534 1176 560; x_wconf 82' lang='lat' dir='ltr'><em>retusto</em></span> <span class='ocrx_word' id='word_1_63' title='bbox 1199 531 1295 561; x_wconf 71' lang='lat' dir='ltr'><em>coelice</em></span> <span class='ocrx_word' id='word_1_64' title='bbox 1311 532 1446 561; x_wconf 68' lang='lat' dir='ltr'><em>vaticano</em></span> <span class='ocrx_word' id='word_1_65' title='bbox 1469 535 1631 571; x_wconf 78' lang='lat' dir='ltr'><em>sumptam,</em></span> <span class='ocrx_word' id='word_1_66' title='bbox 1652 535 1729 563; x_wconf 85' lang='lat' dir='ltr'><em>inter</em></span> <span class='ocrx_word' id='word_1_67' title='bbox 1752 533 1853 564; x_wconf 85' lang='lat' dir='ltr'><em>Photii</em></span> <span class='ocrx_word' id='word_1_68' title='bbox 1874 534 2023 572; x_wconf 81' lang='lat' dir='ltr'><em>amphilo-</em></span> 
     </span>
     <span class='ocr_line' id='line_1_8' title="bbox 326 581 2023 626; baseline 0.005 -17"><span class='ocrx_word' id='word_1_69' title='bbox 326 582 444 610; x_wconf 74' lang='lat' dir='ltr'><em>chianas</em></span> <span class='ocrx_word' id='word_1_70' title='bbox 467 584 647 619; x_wconf 76' lang='lat' dir='ltr'><em>quaestiones</em></span> <span class='ocrx_word' id='word_1_71' title='bbox 670 581 750 611; x_wconf 74' lang='lat' dir='ltr'><em>eclitli</em></span> <span class='ocrx_word' id='word_1_72' title='bbox 772 582 903 620; x_wconf 71' lang='lat' dir='ltr'><em>(script.</em></span> <span class='ocrx_word' id='word_1_73' title='bbox 921 586 979 612; x_wconf 81' lang='lat' dir='ltr'><em>vet.</em></span> <span class='ocrx_word' id='word_1_74' title='bbox 1002 584 1035 613; x_wconf 90' lang='lat' dir='ltr'><em>T.</em></span> <span class='ocrx_word' id='word_1_75' title='bbox 1056 584 1084 613; x_wconf 89' lang='lat'><em>1.</em></span> <span class='ocrx_word' id='word_1_76' title='bbox 1105 584 1152 614; x_wconf 81' lang='lat' dir='ltr'><em>ed.</em></span> <span class='ocrx_word' id='word_1_77' title='bbox 1172 584 1203 614; x_wconf 77' lang='lat'><em>2.</em></span> <span class='ocrx_word' id='word_1_78' title='bbox 1212 584 1250 622; x_wconf 86' lang='lat'><em>)‚·</em></span> <span class='ocrx_word' id='word_1_79' title='bbox 1269 588 1394 623; x_wconf 79' lang='lat' dir='ltr'><em>postque</em></span> <span class='ocrx_word' id='word_1_80' title='bbox 1415 588 1568 624; x_wconf 67' lang='lat' dir='ltr'><em>eyreqium</em></span> <span class='ocrx_word' id='word_1_81' title='bbox 1584 586 1664 616; x_wconf 81' lang='lat' dir='ltr'><em>illud</em></span> <span class='ocrx_word' id='word_1_82' title='bbox 1685 586 1721 615; x_wconf 81' lang='lat' dir='ltr'><em>cle</em></span> <span class='ocrx_word' id='word_1_83' title='bbox 1743 586 1911 616; x_wconf 77' lang='lat' dir='ltr'><em>haeresibus</em></span> <span class='ocrx_word' id='word_1_84' title='bbox 1932 597 2023 626; x_wconf 79' lang='lat' dir='ltr'><em>syno-</em></span> 
     </span>
     <span class='ocr_line' id='line_1_9' title="bbox 325 635 2025 679; baseline 0.004 -16"><span class='ocrx_word' id='word_1_85' title='bbox 325 635 427 672; x_wconf 73' lang='lat' dir='ltr'><em>disque</em></span> <span class='ocrx_word' id='word_1_86' title='bbox 450 635 639 673; x_wconf 81' lang='lat' dir='ltr'><em>opusculum,</em></span> <span class='ocrx_word' id='word_1_87' title='bbox 660 635 739 673; x_wconf 82' lang='lat' dir='ltr'><em>quod</em></span> <span class='ocrx_word' id='word_1_88' title='bbox 755 637 823 665; x_wconf 83' lang='lat' dir='ltr'><em>ilem</em></span> <span class='ocrx_word' id='word_1_89' title='bbox 840 645 879 665; x_wconf 69' lang='lat' dir='ltr'><em>ecc</em></span> <span class='ocrx_word' id='word_1_90' title='bbox 893 639 1004 666; x_wconf 77' lang='lat' dir='ltr'><em>vetusto</em></span> <span class='ocrx_word' id='word_1_91' title='bbox 1026 637 1122 667; x_wconf 80' lang='lat' dir='ltr'><em>codice</em></span> <span class='ocrx_word' id='word_1_92' title='bbox 1146 638 1321 667; x_wconf 82' lang='lat' dir='ltr'><em>columnensi</em></span> <span class='ocrx_word' id='word_1_93' title='bbox 1338 641 1399 667; x_wconf 77' lang='lat' dir='ltr'><em>vat.</em></span> <span class='ocrx_word' id='word_1_94' title='bbox 1419 642 1552 677; x_wconf 83' lang='lat' dir='ltr'><em>erutum,</em></span> <span class='ocrx_word' id='word_1_95' title='bbox 1570 642 1692 678; x_wconf 78' lang='lat' dir='ltr'><em>septimo</em></span> <span class='ocrx_word' id='word_1_96' title='bbox 1709 640 1863 679; x_wconf 74' lang='lat' dir='ltr'><em>Spicileqii</em></span> <span class='ocrx_word' id='word_1_97' title='bbox 1880 650 1954 670; x_wconf 87' lang='lat' dir='ltr'><em>rom.</em></span> <span class='ocrx_word' id='word_1_98' title='bbox 1972 650 2025 670; x_wconf 63' lang='grc' dir='ltr'><em>ϊο-</em></span> 
     </span>
     <span class='ocr_line' id='line_1_10' title="bbox 326 688 2026 732; baseline 0.005 -17"><span class='ocrx_word' id='word_1_99' title='bbox 326 688 431 716; x_wconf 79' lang='lat' dir='ltr'><em>lamini</em></span> <span class='ocrx_word' id='word_1_100' title='bbox 446 690 571 725; x_wconf 80' lang='lat' dir='ltr'><em>inserui,</em></span> <span class='ocrx_word' id='word_1_101' title='bbox 593 688 741 717; x_wconf 69' lang='lat' dir='ltr'><em>diversam</em></span> <span class='ocrx_word' id='word_1_102' title='bbox 759 689 852 726; x_wconf 82' lang='lat' dir='ltr'><em>plane</em></span> <span class='ocrx_word' id='word_1_103' title='bbox 873 689 910 718; x_wconf 89' lang='lat' dir='ltr'><em>ab</em></span> <span class='ocrx_word' id='word_1_104' title='bbox 928 690 980 719; x_wconf 82' lang='lat' dir='ltr'><em>illo</em></span> <span class='ocrx_word' id='word_1_105' title='bbox 998 692 1083 728; x_wconf 80' lang='lat' dir='ltr'><em>paris</em></span> <span class='ocrx_word' id='word_1_106' title='bbox 1098 689 1196 728; x_wconf 65' lang='lat' dir='ltr'><em>firme</em></span> <span class='ocrx_word' id='word_1_107' title='bbox 1212 691 1310 727; x_wconf 75' lang='lat' dir='ltr'><em>tituli,</em></span> <span class='ocrx_word' id='word_1_108' title='bbox 1331 691 1410 729; x_wconf 84' lang='lat' dir='ltr'><em>quod</em></span> <span class='ocrx_word' id='word_1_109' title='bbox 1426 691 1480 720; x_wconf 88' lang='lat' dir='ltr'><em>sub</em></span> <span class='ocrx_word' id='word_1_110' title='bbox 1495 691 1577 729; x_wconf 86' lang='lat' dir='ltr'><em>salso</em></span> <span class='ocrx_word' id='word_1_111' title='bbox 1597 692 1737 722; x_wconf 76' lang='lat' dir='ltr'><em>Germani</em></span> <span class='ocrx_word' id='word_1_112' title='bbox 1754 693 1870 723; x_wconf 84' lang='lat' dir='ltr'><em>nomine</em></span> <span class='ocrx_word' id='word_1_113' title='bbox 1888 694 2026 732; x_wconf 79' lang='lat' dir='ltr'><em>Moynius</em></span> 
     </span>
     <span class='ocr_line' id='line_1_11' title="bbox 325 741 2023 785; baseline 0.005 -17"><span class='ocrx_word' id='word_1_114' title='bbox 325 741 510 777; x_wconf 57' lang='lat' dir='ltr'><em>‘rutam-erat.</em></span> <span class='ocrx_word' id='word_1_115' title='bbox 536 742 632 779; x_wconf 83' lang='lat' dir='ltr'><em>Atque</em></span> <span class='ocrx_word' id='word_1_116' title='bbox 649 741 720 770; x_wconf 84' lang='lat' dir='ltr'><em>haec</em></span> <span class='ocrx_word' id='word_1_117' title='bbox 736 751 787 780; x_wconf 74' lang='lat' dir='ltr'><em>eqo</em></span> <span class='ocrx_word' id='word_1_118' title='bbox 803 751 945 779; x_wconf 87' lang='lat' dir='ltr'><em>memoro,</em></span> <span class='ocrx_word' id='word_1_119' title='bbox 965 743 1047 772; x_wconf 81' lang='lat' dir='ltr'><em>haud</em></span> <span class='ocrx_word' id='word_1_120' title='bbox 1069 743 1193 782; x_wconf 78' lang='lat' dir='ltr'><em>aedepol</em></span> <span class='ocrx_word' id='word_1_121' title='bbox 1214 747 1247 773; x_wconf 81' lang='lat' dir='ltr'><em>ut</em></span> <span class='ocrx_word' id='word_1_122' title='bbox 1269 753 1348 773; x_wconf 88' lang='lat' dir='ltr'><em>meas</em></span> <span class='ocrx_word' id='word_1_123' title='bbox 1370 745 1486 774; x_wconf 85' lang='lat' dir='ltr'><em>reculas</em></span> <span class='ocrx_word' id='word_1_124' title='bbox 1508 747 1653 785; x_wconf 81' lang='lat' dir='ltr'><em>recinam,</em></span> <span class='ocrx_word' id='word_1_125' title='bbox 1671 747 1724 776; x_wconf 76' lang='lat' dir='ltr'><em>secl</em></span> <span class='ocrx_word' id='word_1_126' title='bbox 1745 749 1779 776; x_wconf 86' lang='lat' dir='ltr'><em>ut</em></span> <span class='ocrx_word' id='word_1_127' title='bbox 1801 746 1931 776; x_wconf 79' lang='lat' dir='ltr'><em>eruditos</em></span> <span class='ocrx_word' id='word_1_128' title='bbox 1948 750 2023 776; x_wconf 82' lang='lat' dir='ltr'><em>tem-</em></span> 
     </span>
     <span class='ocr_line' id='line_1_12' title="bbox 323 794 2027 839; baseline 0.005 -17"><span class='ocrx_word' id='word_1_129' title='bbox 323 796 435 831; x_wconf 56' lang='lat' dir='ltr'><em>peste-e</em></span> <span class='ocrx_word' id='word_1_130' title='bbox 458 794 642 832; x_wconf 78' lang='lat' dir='ltr'><em>admoneam,</em></span> <span class='ocrx_word' id='word_1_131' title='bbox 663 795 807 833; x_wconf 78' lang='lat' dir='ltr'><em>siquando</em></span> <span class='ocrx_word' id='word_1_132' title='bbox 832 796 971 825; x_wconf 77' lang='lat' dir='ltr'><em>Germani</em></span> <span class='ocrx_word' id='word_1_133' title='bbox 992 797 1103 835; x_wconf 83' lang='lat' dir='ltr'><em>scripta</em></span> <span class='ocrx_word' id='word_1_134' title='bbox 1125 798 1264 835; x_wconf 77' lang='lat' dir='ltr'><em>colliqere</em></span> <span class='ocrx_word' id='word_1_135' title='bbox 1283 798 1397 835; x_wconf 77' lang='lat' dir='ltr'><em>volent,</em></span> <span class='ocrx_word' id='word_1_136' title='bbox 1417 801 1447 827; x_wconf 86' lang='lat' dir='ltr'><em>et</em></span> <span class='ocrx_word' id='word_1_137' title='bbox 1467 807 1533 828; x_wconf 85' lang='lat' dir='ltr'><em>cum</em></span> <span class='ocrx_word' id='word_1_138' title='bbox 1552 801 1658 837; x_wconf 78' lang='lat' dir='ltr'><em>paucis</em></span> <span class='ocrx_word' id='word_1_139' title='bbox 1680 800 1810 830; x_wconf 79' lang='lat' dir='ltr'><em>eiusdem</em></span> <span class='ocrx_word' id='word_1_140' title='bbox 1832 801 1962 839; x_wconf 78' lang='lat' dir='ltr'><em>epistolis</em></span> <span class='ocrx_word' id='word_1_141' title='bbox 1977 809 2027 830; x_wconf 87' lang='lat' dir='ltr'><em>co·-</em></span> 
     </span>
     <span class='ocr_line' id='line_1_13' title="bbox 321 847 2027 890; baseline 0.005 -15"><span class='ocrx_word' id='word_1_142' title='bbox 321 847 448 884; x_wconf 81' lang='lat' dir='ltr'><em>pulare,</em></span> <span class='ocrx_word' id='word_1_143' title='bbox 471 857 546 885; x_wconf 80' lang='lat' dir='ltr'><em>quae</em></span> <span class='ocrx_word' id='word_1_144' title='bbox 567 850 634 876; x_wconf 74' lang='lat' dir='ltr'><em>cente</em></span> <span class='ocrx_word' id='word_1_145' title='bbox 656 848 813 877; x_wconf 80' lang='lat' dir='ltr'><em>secundam</em></span> <span class='ocrx_word' id='word_1_146' title='bbox 835 850 987 878; x_wconf 84' lang='lat' dir='ltr'><em>nicaenam</em></span> <span class='ocrx_word' id='word_1_147' title='bbox 1002 850 1145 888; x_wconf 74' lang='lat' dir='ltr'><em>synodum</em></span> <span class='ocrx_word' id='word_1_148' title='bbox 1162 851 1198 879; x_wconf 90' lang='lat' dir='ltr'><em>ab</em></span> <span class='ocrx_word' id='word_1_149' title='bbox 1215 850 1375 880; x_wconf 76' lang='lat' dir='ltr'><em>editoribus</em></span> <span class='ocrx_word' id='word_1_150' title='bbox 1396 851 1586 880; x_wconf 82' lang='lat' dir='ltr'><em>conciliorum</em></span> <span class='ocrx_word' id='word_1_151' title='bbox 1603 852 1680 890; x_wconf 83' lang='lat' dir='ltr'><em>poni</em></span> <span class='ocrx_word' id='word_1_152' title='bbox 1694 853 1798 882; x_wconf 84' lang='lat' dir='ltr'><em>solent.</em></span> <span class='ocrx_word' id='word_1_153' title='bbox 1825 854 1943 883; x_wconf 74' lang='lat' dir='ltr'><em>L‘tiuam</em></span> <span class='ocrx_word' id='word_1_154' title='bbox 1958 863 2027 883; x_wconf 83' lang='lat' dir='ltr'><em>vero</em></span> 
     </span>
     <span class='ocr_line' id='line_1_14' title="bbox 326 901 2027 945; baseline 0.004 -17"><span class='ocrx_word' id='word_1_155' title='bbox 326 903 354 929; x_wconf 84' lang='lat' dir='ltr'><em>et</em></span> <span class='ocrx_word' id='word_1_156' title='bbox 376 901 428 930; x_wconf 83' lang='lat' dir='ltr'><em>itte</em></span> <span class='ocrx_word' id='word_1_157' title='bbox 452 901 528 930; x_wconf 88' lang='lat' dir='ltr'><em>liber</em></span> <span class='ocrx_word' id='word_1_158' title='bbox 545 901 684 931; x_wconf 81' lang='lat' dir='ltr'><em>Germani</em></span> <span class='ocrx_word' id='word_1_159' title='bbox 707 905 882 940; x_wconf 73' lang='lat' dir='ltr'><em>emerqeret,</em></span> <span class='ocrx_word' id='word_1_160' title='bbox 904 902 940 931; x_wconf 79' lang='lat' dir='ltr'><em>cle</em></span> <span class='ocrx_word' id='word_1_161' title='bbox 957 901 1083 940; x_wconf 70' lang='lat' dir='ltr'><em>flaturae</em></span> <span class='ocrx_word' id='word_1_162' title='bbox 1100 906 1177 933; x_wconf 79' lang='lat' dir='ltr'><em>vitae</em></span> <span class='ocrx_word' id='word_1_163' title='bbox 1200 904 1409 942; x_wconf 75' lang='lat' dir='ltr'><em>retributione,</em></span> <span class='ocrx_word' id='word_1_164' title='bbox 1431 913 1518 942; x_wconf 81' lang='lat' dir='ltr'><em>quem</em></span> <span class='ocrx_word' id='word_1_165' title='bbox 1540 914 1560 934; x_wconf 91' lang='lat' dir='ltr'><em>a</em></span> <span class='ocrx_word' id='word_1_166' title='bbox 1581 904 1650 934; x_wconf 80' lang='lat' dir='ltr'><em>stilo</em></span> <span class='ocrx_word' id='word_1_167' title='bbox 1672 908 1701 935; x_wconf 88' lang='lat' dir='ltr'><em>et</em></span> <span class='ocrx_word' id='word_1_168' title='bbox 1723 909 1800 935; x_wconf 86' lang='lat' dir='ltr'><em>recto</em></span> <span class='ocrx_word' id='word_1_169' title='bbox 1822 906 1957 944; x_wconf 74' lang='lat' dir='ltr'><em>doqmate</em></span> <span class='ocrx_word' id='word_1_170' title='bbox 1973 915 2027 945; x_wconf 73' lang='lat' dir='ltr'><em>qe-</em></span> 
     </span>
     <span class='ocr_line' id='line_1_15' title="bbox 327 954 2026 997; baseline 0.004 -16"><span class='ocrx_word' id='word_1_171' title='bbox 327 954 508 992; x_wconf 79' lang='lat' dir='ltr'><em>neratimque</em></span> <span class='ocrx_word' id='word_1_172' title='bbox 530 954 568 984; x_wconf 88' lang='lat' dir='ltr'><em>ab</em></span> <span class='ocrx_word' id='word_1_173' title='bbox 588 957 696 992; x_wconf 80' lang='lat' dir='ltr'><em>optimo</em></span> <span class='ocrx_word' id='word_1_174' title='bbox 719 954 867 984; x_wconf 84' lang='lat' dir='ltr'><em>scribendi</em></span> <span class='ocrx_word' id='word_1_175' title='bbox 887 965 993 994; x_wconf 77' lang='lat' dir='ltr'><em>qenere</em></span> <span class='ocrx_word' id='word_1_176' title='bbox 1015 955 1140 986; x_wconf 79' lang='lat' dir='ltr'><em>Photius</em></span> <span class='ocrx_word' id='word_1_177' title='bbox 1162 956 1301 986; x_wconf 78' lang='lat' dir='ltr'><em>dilaudat</em></span> <span class='ocrx_word' id='word_1_178' title='bbox 1323 957 1388 986; x_wconf 80' lang='lat' dir='ltr'><em>coa.</em></span> <span class='ocrx_word' id='word_1_179' title='bbox 1410 957 1493 987; x_wconf 81' lang='lat'><strong>233!</strong></span> <span class='ocrx_word' id='word_1_180' title='bbox 1517 957 1601 987; x_wconf 81' lang='lat' dir='ltr'><em>Certe</em></span> <span class='ocrx_word' id='word_1_181' title='bbox 1624 957 1696 987; x_wconf 78' lang='lat' dir='ltr'><em>haec</em></span> <span class='ocrx_word' id='word_1_182' title='bbox 1712 962 1781 988; x_wconf 87' lang='lat' dir='ltr'><em>sunt</em></span> <span class='ocrx_word' id='word_1_183' title='bbox 1801 961 1931 997; x_wconf 73' lang='lat' dir='ltr'><em>yenuina</em></span> <span class='ocrx_word' id='word_1_184' title='bbox 1949 959 2026 989; x_wconf 90' lang='lat' dir='ltr'><em>Ger-</em></span> 
     </span>
     <span class='ocr_line' id='line_1_16' title="bbox 326 1007 2028 1048; baseline 0.004 -14"><span class='ocrx_word' id='word_1_185' title='bbox 326 1007 408 1036; x_wconf 78' lang='lat' dir='ltr'><em>mani</em></span> <span class='ocrx_word' id='word_1_186' title='bbox 428 1007 457 1036; x_wconf 90' lang='lat' dir='ltr'><em>I.</em></span> <span class='ocrx_word' id='word_1_187' title='bbox 482 1009 608 1045; x_wconf 83' lang='lat' dir='ltr'><em>scripta,</em></span> <span class='ocrx_word' id='word_1_188' title='bbox 632 1011 666 1037; x_wconf 90' lang='lat' dir='ltr'><em>ut</em></span> <span class='ocrx_word' id='word_1_189' title='bbox 687 1008 744 1038; x_wconf 79' lang='lat' dir='ltr'><em>illa</em></span> <span class='ocrx_word' id='word_1_190' title='bbox 766 1009 855 1038; x_wconf 84' lang='lat' dir='ltr'><em>eiiam</em></span> <span class='ocrx_word' id='word_1_191' title='bbox 877 1018 896 1038; x_wconf 94' lang='lat' dir='ltr'><em>a</em></span> <span class='ocrx_word' id='word_1_192' title='bbox 917 1010 1000 1039; x_wconf 77' lang='lat' dir='ltr'><em>nobis</em></span> <span class='ocrx_word' id='word_1_193' title='bbox 1022 1009 1124 1039; x_wconf 84' lang='lat' dir='ltr'><em>edita:</em></span> <span class='ocrx_word' id='word_1_194' title='bbox 1148 1017 1218 1039; x_wconf 80' lang='lat' dir='ltr'><em>nam</em></span> <span class='ocrx_word' id='word_1_195' title='bbox 1241 1010 1470 1048; x_wconf 80' lang='lat' dir='ltr'><em>disputationem</em></span> <span class='ocrx_word' id='word_1_196' title='bbox 1493 1010 1530 1039; x_wconf 81' lang='lat' dir='ltr'><em>de</em></span> <span class='ocrx_word' id='word_1_197' title='bbox 1552 1012 1630 1040; x_wconf 79' lang='lat' dir='ltr'><em>vitae</em></span> <span class='ocrx_word' id='word_1_198' title='bbox 1653 1013 1775 1041; x_wconf 82' lang='lat' dir='ltr'><em>termino</em></span> <span class='ocrx_word' id='word_1_199' title='bbox 1803 1012 1929 1042; x_wconf 87' lang='lat' dir='ltr'><em>habebat</em></span> <span class='ocrx_word' id='word_1_200' title='bbox 1949 1012 2028 1041; x_wconf 84' lang='lat' dir='ltr'><em>idem</em></span> 
     </span>
     <span class='ocr_line' id='line_1_17' title="bbox 325 1059 2029 1102; baseline 0.004 -14"><span class='ocrx_word' id='word_1_201' title='bbox 325 1059 465 1097; x_wconf 82' lang='lat' dir='ltr'><em>Photius,</em></span> <span class='ocrx_word' id='word_1_202' title='bbox 486 1063 515 1090; x_wconf 87' lang='lat' dir='ltr'><em>et</em></span> <span class='ocrx_word' id='word_1_203' title='bbox 536 1070 602 1090; x_wconf 84' lang='lat' dir='ltr'><em>cum</em></span> <span class='ocrx_word' id='word_1_204' title='bbox 617 1062 861 1100; x_wconf 80' lang='lat' dir='ltr'><em>amphiloehianis</em></span> <span class='ocrx_word' id='word_1_205' title='bbox 883 1065 943 1092; x_wconf 84' lang='lat' dir='ltr'><em>suis</em></span> <span class='ocrx_word' id='word_1_206' title='bbox 960 1063 1139 1093; x_wconf 84' lang='lat' dir='ltr'><em>collocabat:</em></span> <span class='ocrx_word' id='word_1_207' title='bbox 1160 1073 1234 1102; x_wconf 80' lang='lat' dir='ltr'><em>opus</em></span> <span class='ocrx_word' id='word_1_208' title='bbox 1256 1064 1293 1093; x_wconf 84' lang='lat' dir='ltr'><em>de</em></span> <span class='ocrx_word' id='word_1_209' title='bbox 1315 1063 1486 1093; x_wconf 74' lang='lat' dir='ltr'><em>haeresibus</em></span> <span class='ocrx_word' id='word_1_210' title='bbox 1502 1067 1589 1102; x_wconf 81' lang='lat' dir='ltr'><em>atque</em></span> <span class='ocrx_word' id='word_1_211' title='bbox 1611 1063 1729 1101; x_wconf 80' lang='lat' dir='ltr'><em>synodis</em></span> <span class='ocrx_word' id='word_1_212' title='bbox 1751 1066 1855 1092; x_wconf 80' lang='lat' dir='ltr'><em>narrat</em></span> <span class='ocrx_word' id='word_1_213' title='bbox 1871 1063 1934 1101; x_wconf 81' lang='lat' dir='ltr'><em>ipse</em></span> <span class='ocrx_word' id='word_1_214' title='bbox 1953 1064 2029 1094; x_wconf 86' lang='lat' dir='ltr'><em>Ger·</em></span> 
     </span>
     <span class='ocr_line' id='line_1_18' title="bbox 326 1114 2029 1156; baseline 0.003 -15"><span class='ocrx_word' id='word_1_215' title='bbox 326 1122 428 1142; x_wconf 82' lang='lat' dir='ltr'><em>manas</em></span> <span class='ocrx_word' id='word_1_216' title='bbox 451 1122 481 1142; x_wconf 85' lang='lat' dir='ltr'><em>se</em></span> <span class='ocrx_word' id='word_1_217' title='bbox 503 1114 557 1143; x_wconf 87' lang='lat' dir='ltr'><em>sub</em></span> <span class='ocrx_word' id='word_1_218' title='bbox 575 1115 751 1152; x_wconf 76' lang='lat' dir='ltr'><em>primordiis</em></span> <span class='ocrx_word' id='word_1_219' title='bbox 773 1116 1020 1146; x_wconf 83' lang='lat' dir='ltr'><em>Iconoclastarum</em></span> <span class='ocrx_word' id='word_1_220' title='bbox 1042 1119 1254 1155; x_wconf 79' lang='lat' dir='ltr'><em>composuisse:</em></span> <span class='ocrx_word' id='word_1_221' title='bbox 1279 1117 1406 1155; x_wconf 81' lang='lat' dir='ltr'><em>denique</em></span> <span class='ocrx_word' id='word_1_222' title='bbox 1429 1117 1582 1156; x_wconf 80' lang='lat' dir='ltr'><em>epistolam</em></span> <span class='ocrx_word' id='word_1_223' title='bbox 1603 1116 1645 1146; x_wconf 79' lang='lat' dir='ltr'><em>ad</em></span> <span class='ocrx_word' id='word_1_224' title='bbox 1664 1116 1819 1146; x_wconf 86' lang='lat' dir='ltr'><em>Armenios</em></span> <span class='ocrx_word' id='word_1_225' title='bbox 1843 1120 2029 1146; x_wconf 83' lang='lat' dir='ltr'><em>monumenta</em></span> 
     </span>
     <span class='ocr_line' id='line_1_19' title="bbox 326 1167 2029 1207; baseline 0.003 -13"><span class='ocrx_word' id='word_1_226' title='bbox 326 1169 425 1196; x_wconf 77' lang='lat' dir='ltr'><em>retera</em></span> <span class='ocrx_word' id='word_1_227' title='bbox 443 1167 543 1205; x_wconf 83' lang='lat' dir='ltr'><em>priori</em></span> <span class='ocrx_word' id='word_1_228' title='bbox 564 1167 634 1197; x_wconf 81' lang='lat' dir='ltr'><em>huic</em></span> <span class='ocrx_word' id='word_1_229' title='bbox 659 1168 803 1198; x_wconf 81' lang='lat' dir='ltr'><em>Germano</em></span> <span class='ocrx_word' id='word_1_230' title='bbox 826 1169 915 1207; x_wconf 82' lang='lat' dir='ltr'><em>dant,</em></span> <span class='ocrx_word' id='word_1_231' title='bbox 935 1178 993 1199; x_wconf 79' lang='lat' dir='ltr'><em>non</em></span> <span class='ocrx_word' id='word_1_232' title='bbox 1015 1171 1143 1199; x_wconf 79' lang='lat' dir='ltr'><em>iuniori:</em></span> <span class='ocrx_word' id='word_1_233' title='bbox 1162 1171 1268 1199; x_wconf 82' lang='lat' dir='ltr'><em>etenim</em></span> <span class='ocrx_word' id='word_1_234' title='bbox 1291 1173 1420 1199; x_wconf 83' lang='lat' dir='ltr'><em>tarsense</em></span> <span class='ocrx_word' id='word_1_235' title='bbox 1442 1170 1554 1199; x_wconf 81' lang='lat' dir='ltr'><em>saeculi</em></span> <span class='ocrx_word' id='word_1_236' title='bbox 1570 1169 1645 1199; x_wconf 86' lang='lat' dir='ltr'><em>XII.</em></span> <span class='ocrx_word' id='word_1_237' title='bbox 1664 1170 1820 1200; x_wconf 81' lang='lat' dir='ltr'><em>concilium</em></span> <span class='ocrx_word' id='word_1_238' title='bbox 1841 1171 1873 1199; x_wconf 84' lang='lat' dir='ltr'><em>in</em></span> <span class='ocrx_word' id='word_1_239' title='bbox 1895 1179 1952 1207; x_wconf 83' lang='lat' dir='ltr'><em>quo</em></span> <span class='ocrx_word' id='word_1_240' title='bbox 1973 1170 2029 1201; x_wconf 80' lang='lat' dir='ltr'><em>illa</em></span> 
     </span>
     <span class='ocr_line' id='line_1_20' title="bbox 325 1221 2030 1262; baseline 0.002 -14"><span class='ocrx_word' id='word_1_241' title='bbox 325 1221 581 1259; x_wconf 80' lang='lat' dir='ltr'><em>commemoratur,</em></span> <span class='ocrx_word' id='word_1_242' title='bbox 601 1224 668 1250; x_wconf 72' lang='lat' dir='ltr'><em>(inte</em></span> <span class='ocrx_word' id='word_1_243' title='bbox 683 1221 828 1251; x_wconf 86' lang='lat' dir='ltr'><em>iuniorem</em></span> <span class='ocrx_word' id='word_1_244' title='bbox 846 1221 1023 1251; x_wconf 82' lang='lat' dir='ltr'><em>Germanum</em></span> <span class='ocrx_word' id='word_1_245' title='bbox 1039 1221 1120 1260; x_wconf 87' lang='lat' dir='ltr'><em>suit,</em></span> <span class='ocrx_word' id='word_1_246' title='bbox 1142 1224 1194 1261; x_wconf 80' lang='lat' dir='ltr'><em>qui</em></span> <span class='ocrx_word' id='word_1_247' title='bbox 1209 1223 1437 1256; x_wconf 18' lang='lat' dir='ltr'><em>saeculonIII.</em></span> <span class='ocrx_word' id='word_1_248' title='bbox 1456 1224 1551 1260; x_wconf 74' lang='lat' dir='ltr'><em>vixit,</em></span> <span class='ocrx_word' id='word_1_249' title='bbox 1570 1223 1605 1252; x_wconf 77' lang='lat' dir='ltr'><em>id</em></span> <span class='ocrx_word' id='word_1_250' title='bbox 1618 1225 1662 1253; x_wconf 87' lang='lat' dir='ltr'><em>est</em></span> <span class='ocrx_word' id='word_1_251' title='bbox 1675 1224 1804 1262; x_wconf 80' lang='lat' dir='ltr'><em>quinque</em></span> <span class='ocrx_word' id='word_1_252' title='bbox 1815 1226 1886 1261; x_wconf 88' lang='lat' dir='ltr'><em>post</em></span> <span class='ocrx_word' id='word_1_253' title='bbox 1896 1224 2030 1261; x_wconf 86' lang='lat' dir='ltr'><em>priorem</em></span> 
     </span>
     <span class='ocr_line' id='line_1_21' title="bbox 324 1274 2031 1316; baseline 0.002 -15"><span class='ocrx_word' id='word_1_254' title='bbox 324 1274 461 1304; x_wconf 82' lang='lat' dir='ltr'><em>saeculis.</em></span> <span class='ocrx_word' id='word_1_255' title='bbox 487 1274 687 1304; x_wconf 74' lang='lat' dir='ltr'><em>Nihilominus</em></span> <span class='ocrx_word' id='word_1_256' title='bbox 710 1278 739 1304; x_wconf 88' lang='lat' dir='ltr'><em>et</em></span> <span class='ocrx_word' id='word_1_257' title='bbox 753 1275 886 1305; x_wconf 86' lang='lat' dir='ltr'><em>Labbeus</em></span> <span class='ocrx_word' id='word_1_258' title='bbox 909 1279 937 1305; x_wconf 86' lang='lat' dir='ltr'><em>et</em></span> <span class='ocrx_word' id='word_1_259' title='bbox 958 1276 1117 1314; x_wconf 65' lang='grc' dir='ltr'><em>Κοηίῃίιις,</em></span> <span class='ocrx_word' id='word_1_260' title='bbox 1139 1279 1169 1305; x_wconf 87' lang='lat' dir='ltr'><em>et</em></span> <span class='ocrx_word' id='word_1_261' title='bbox 1190 1277 1246 1306; x_wconf 83' lang='lat' dir='ltr'><em>alii</em></span> <span class='ocrx_word' id='word_1_262' title='bbox 1267 1277 1417 1306; x_wconf 82' lang='lat' dir='ltr'><em>interdum</em></span> <span class='ocrx_word' id='word_1_263' title='bbox 1442 1277 1657 1316; x_wconf 72' lang='lat' dir='ltr'><em>biblioyraphi,</em></span> <span class='ocrx_word' id='word_1_264' title='bbox 1677 1279 1789 1315; x_wconf 87' lang='lat' dir='ltr'><em>scripta</em></span> <span class='ocrx_word' id='word_1_265' title='bbox 1809 1277 1932 1306; x_wconf 80' lang='lat' dir='ltr'><em>secundi</em></span> <span class='ocrx_word' id='word_1_266' title='bbox 1955 1276 2031 1305; x_wconf 84' lang='lat' dir='ltr'><em>Ger-</em></span> 
     </span>
     <span class='ocr_line' id='line_1_22' title="bbox 325 1327 2030 1368; baseline 0.002 -14"><span class='ocrx_word' id='word_1_267' title='bbox 325 1328 421 1364; x_wconf 80' lang='lat' dir='ltr'><em>mani,</em></span> <span class='ocrx_word' id='word_1_268' title='bbox 441 1336 516 1366; x_wconf 83' lang='lat' dir='ltr'><em>quae</em></span> <span class='ocrx_word' id='word_1_269' title='bbox 533 1328 652 1357; x_wconf 73' lang='lat' dir='ltr'><em>let-ioris</em></span> <span class='ocrx_word' id='word_1_270' title='bbox 662 1327 795 1366; x_wconf 82' lang='lat' dir='ltr'><em>profecto</em></span> <span class='ocrx_word' id='word_1_271' title='bbox 812 1327 917 1366; x_wconf 73' lang='lat' dir='ltr'><em>sruyis</em></span> <span class='ocrx_word' id='word_1_272' title='bbox 931 1331 1016 1366; x_wconf 83' lang='lat' dir='ltr'><em>sunt,</em></span> <span class='ocrx_word' id='word_1_273' title='bbox 1034 1330 1133 1366; x_wconf 82' lang='lat' dir='ltr'><em>priori</em></span> <span class='ocrx_word' id='word_1_274' title='bbox 1150 1330 1265 1358; x_wconf 78' lang='lat' dir='ltr'><em>incaute</em></span> <span class='ocrx_word' id='word_1_275' title='bbox 1284 1329 1506 1368; x_wconf 79' lang='lat' dir='ltr'><em>adscripserunt</em></span> <span class='ocrx_word' id='word_1_276' title='bbox 1511 1340 1524 1367; x_wconf 91' lang='lat'><em>‚·</em></span> <span class='ocrx_word' id='word_1_277' title='bbox 1545 1329 1625 1368; x_wconf 82' lang='lat' dir='ltr'><em>quod</em></span> <span class='ocrx_word' id='word_1_278' title='bbox 1639 1338 1676 1359; x_wconf 85' lang='lat' dir='ltr'><em>ne</em></span> <span class='ocrx_word' id='word_1_279' title='bbox 1691 1329 1803 1359; x_wconf 81' lang='lat' dir='ltr'><em>diutius</em></span> <span class='ocrx_word' id='word_1_280' title='bbox 1809 1352 1818 1367; x_wconf 83' lang='lat'><em>,</em></span> <span class='ocrx_word' id='word_1_281' title='bbox 1840 1330 1934 1358; x_wconf 82' lang='lat' dir='ltr'><em>invita</em></span> <span class='ocrx_word' id='word_1_282' title='bbox 1949 1329 2030 1358; x_wconf 74' lang='lat' dir='ltr'><em>veri-</em></span> 
     </span>
     <span class='ocr_line' id='line_1_23' title="bbox 326 1380 2031 1421; baseline 0.001 -13"><span class='ocrx_word' id='word_1_283' title='bbox 326 1382 384 1409; x_wconf 84' lang='lat' dir='ltr'><em>tate</em></span> <span class='ocrx_word' id='word_1_284' title='bbox 399 1381 474 1418; x_wconf 87' lang='lat' dir='ltr'><em>fiat,</em></span> <span class='ocrx_word' id='word_1_285' title='bbox 494 1381 571 1410; x_wconf 74' lang='lat' dir='ltr'><em>(loeti</em></span> <span class='ocrx_word' id='word_1_286' title='bbox 587 1380 716 1410; x_wconf 84' lang='lat' dir='ltr'><em>homiues</em></span> <span class='ocrx_word' id='word_1_287' title='bbox 728 1384 832 1419; x_wconf 86' lang='lat' dir='ltr'><em>postea</em></span> <span class='ocrx_word' id='word_1_288' title='bbox 848 1381 1003 1411; x_wconf 82' lang='lat' dir='ltr'><em>cavebunt.</em></span> <span class='ocrx_word' id='word_1_289' title='bbox 1020 1381 1197 1419; x_wconf 80' lang='lat' dir='ltr'><em>(Postremo</em></span> <span class='ocrx_word' id='word_1_290' title='bbox 1213 1382 1374 1420; x_wconf 81' lang='lat' dir='ltr'><em>optandum</em></span> <span class='ocrx_word' id='word_1_291' title='bbox 1391 1386 1536 1421; x_wconf 82' lang='lat' dir='ltr'><em>superest,</em></span> <span class='ocrx_word' id='word_1_292' title='bbox 1556 1385 1591 1412; x_wconf 86' lang='lat' dir='ltr'><em>ut</em></span> <span class='ocrx_word' id='word_1_293' title='bbox 1605 1383 1742 1413; x_wconf 84' lang='lat' dir='ltr'><em>alicunde</em></span> <span class='ocrx_word' id='word_1_294' title='bbox 1754 1392 1784 1412; x_wconf 87' lang='lat' dir='ltr'><em>se</em></span> <span class='ocrx_word' id='word_1_295' title='bbox 1800 1385 1916 1412; x_wconf 76' lang='lat' dir='ltr'><em>exserat</em></span> <span class='ocrx_word' id='word_1_296' title='bbox 1930 1384 2031 1419; x_wconf 76' lang='lat' dir='ltr'><em>maqm&#39;</em></span> 
     </span>
     <span class='ocr_line' id='line_1_24' title="bbox 326 1433 2028 1474; baseline 0.002 -13"><span class='ocrx_word' id='word_1_297' title='bbox 326 1435 413 1462; x_wconf 86' lang='lat' dir='ltr'><em>etiam</em></span> <span class='ocrx_word' id='word_1_298' title='bbox 431 1434 540 1472; x_wconf 80' lang='lat' dir='ltr'><em>Cistilli</em></span> <span class='ocrx_word' id='word_1_299' title='bbox 561 1433 602 1463; x_wconf 77' lang='lat' dir='ltr'><em>acl</em></span> <span class='ocrx_word' id='word_1_300' title='bbox 616 1434 769 1464; x_wconf 84' lang='lat' dir='ltr'><em>Armenios</em></span> <span class='ocrx_word' id='word_1_301' title='bbox 785 1435 925 1472; x_wconf 84' lang='lat' dir='ltr'><em>epistota,</em></span> <span class='ocrx_word' id='word_1_302' title='bbox 946 1443 1035 1472; x_wconf 83' lang='lat' dir='ltr'><em>quam</em></span> <span class='ocrx_word' id='word_1_303' title='bbox 1052 1434 1178 1464; x_wconf 83' lang='lat' dir='ltr'><em>Photius</em></span> <span class='ocrx_word' id='word_1_304' title='bbox 1195 1435 1228 1464; x_wconf 86' lang='lat' dir='ltr'><em>in</em></span> <span class='ocrx_word' id='word_1_305' title='bbox 1250 1444 1305 1464; x_wconf 85' lang='lat' dir='ltr'><em>sua</em></span> <span class='ocrx_word' id='word_1_306' title='bbox 1320 1435 1361 1464; x_wconf 80' lang='lat' dir='ltr'><em>ad</em></span> <span class='ocrx_word' id='word_1_307' title='bbox 1383 1436 1496 1466; x_wconf 79' lang='lat' dir='ltr'><em>eosdem</em></span> <span class='ocrx_word' id='word_1_308' title='bbox 1511 1439 1653 1465; x_wconf 86' lang='lat' dir='ltr'><em>memorat</em></span> <span class='ocrx_word' id='word_1_309' title='bbox 1670 1445 1737 1474; x_wconf 85' lang='lat' dir='ltr'><em>cap.</em></span> <span class='ocrx_word' id='word_1_310' title='bbox 1760 1435 1814 1474; x_wconf 87' lang='lat'><em>13,</em></span> <span class='ocrx_word' id='word_1_311' title='bbox 1833 1436 1937 1473; x_wconf 82' lang='lat' dir='ltr'><em>Spicil.</em></span> <span class='ocrx_word' id='word_1_312' title='bbox 1954 1444 2028 1465; x_wconf 89' lang='lat' dir='ltr'><em>rom.</em></span> 
     </span>
     <span class='ocr_line' id='line_1_25' title="bbox 329 1487 2031 1527; baseline 0.001 -12"><span class='ocrx_word' id='word_1_313' title='bbox 329 1487 361 1515; x_wconf 85' lang='lat' dir='ltr'><em>T.</em></span> <span class='ocrx_word' id='word_1_314' title='bbox 380 1487 418 1516; x_wconf 82' lang='lat' dir='ltr'><em>X.</em></span> <span class='ocrx_word' id='word_1_315' title='bbox 438 1496 475 1525; x_wconf 84' lang='lat' dir='ltr'><em>p.</em></span> <span class='ocrx_word' id='word_1_316' title='bbox 494 1487 575 1525; x_wconf 71' lang='lat'><em>456,</em></span> <span class='ocrx_word' id='word_1_317' title='bbox 595 1495 670 1525; x_wconf 80' lang='lat' dir='ltr'><em>quae</em></span> <span class='ocrx_word' id='word_1_318' title='bbox 693 1489 724 1516; x_wconf 88' lang='lat' dir='ltr'><em>in</em></span> <span class='ocrx_word' id='word_1_319' title='bbox 747 1488 833 1517; x_wconf 82' lang='lat' dir='ltr'><em>libris</em></span> <span class='ocrx_word' id='word_1_320' title='bbox 856 1487 942 1517; x_wconf 81' lang='lat' dir='ltr'><em>editis</em></span> <span class='ocrx_word' id='word_1_321' title='bbox 957 1488 1010 1517; x_wconf 86' lang='lat' dir='ltr'><em>hoc</em></span> <span class='ocrx_word' id='word_1_322' title='bbox 1032 1490 1112 1517; x_wconf 83' lang='lat' dir='ltr'><em>certo</em></span> <span class='ocrx_word' id='word_1_323' title='bbox 1128 1488 1215 1517; x_wconf 82' lang='lat' dir='ltr'><em>titulo</em></span> <span class='ocrx_word' id='word_1_324' title='bbox 1238 1491 1381 1527; x_wconf 81' lang='lat' dir='ltr'><em>inscripta</em></span> <span class='ocrx_word' id='word_1_325' title='bbox 1398 1498 1457 1518; x_wconf 83' lang='lat' dir='ltr'><em>non</em></span> <span class='ocrx_word' id='word_1_326' title='bbox 1472 1491 1621 1518; x_wconf 84' lang='lat' dir='ltr'><em>occurrit!</em></span> <span class='ocrx_word' id='word_1_327' title='bbox 1623 1489 1642 1527; x_wconf 91' lang='lat'><em>)</em></span> <span class='ocrx_word' id='word_1_328' title='bbox 1667 1488 1806 1519; x_wconf 81' lang='lat' dir='ltr'><em>Germani</em></span> <span class='ocrx_word' id='word_1_329' title='bbox 1827 1488 1903 1518; x_wconf 80' lang='lat' dir='ltr'><em>hanc</em></span> <span class='ocrx_word' id='word_1_330' title='bbox 1924 1490 2031 1526; x_wconf 82' lang='lat' dir='ltr'><em>episto-</em></span> 
     </span>
     <span class='ocr_line' id='line_1_26' title="bbox 327 1538 2030 1581; baseline 0.001 -13"><span class='ocrx_word' id='word_1_331' title='bbox 327 1540 386 1569; x_wconf 80' lang='lat' dir='ltr'><em>lam</em></span> <span class='ocrx_word' id='word_1_332' title='bbox 408 1541 524 1569; x_wconf 72' lang='lat' dir='ltr'><em>uersari</em></span> <span class='ocrx_word' id='word_1_333' title='bbox 546 1543 634 1569; x_wconf 87' lang='lat' dir='ltr'><em>totam</em></span> <span class='ocrx_word' id='word_1_334' title='bbox 656 1541 689 1570; x_wconf 82' lang='lat' dir='ltr'><em>in</em></span> <span class='ocrx_word' id='word_1_335' title='bbox 711 1538 869 1578; x_wconf 71' lang='lat' dir='ltr'><em>refutando</em></span> <span class='ocrx_word' id='word_1_336' title='bbox 893 1541 1067 1579; x_wconf 73' lang='lat' dir='ltr'><em>eutychiano</em></span> <span class='ocrx_word' id='word_1_337' title='bbox 1090 1541 1299 1571; x_wconf 84' lang='lat' dir='ltr'><em>Armeniorum</em></span> <span class='ocrx_word' id='word_1_338' title='bbox 1321 1551 1438 1579; x_wconf 81' lang='lat' dir='ltr'><em>errore,</em></span> <span class='ocrx_word' id='word_1_339' title='bbox 1453 1551 1512 1580; x_wconf 85' lang='lat' dir='ltr'><em>per</em></span> <span class='ocrx_word' id='word_1_340' title='bbox 1531 1551 1562 1572; x_wconf 83' lang='lat' dir='ltr'><em>se</em></span> <span class='ocrx_word' id='word_1_341' title='bbox 1578 1545 1684 1581; x_wconf 80' lang='lat' dir='ltr'><em>patet:</em></span> <span class='ocrx_word' id='word_1_342' title='bbox 1703 1542 1892 1581; x_wconf 78' lang='lat' dir='ltr'><em>quamobrem</em></span> <span class='ocrx_word' id='word_1_343' title='bbox 1913 1541 2030 1571; x_wconf 77' lang='lat' dir='ltr'><em>nullum</em></span> 
     </span>
     <span class='ocr_line' id='line_1_27' title="bbox 327 1593 2029 1633; baseline 0.002 -12"><span class='ocrx_word' id='word_1_344' title='bbox 327 1593 390 1622; x_wconf 78' lang='lat' dir='ltr'><em>eius</em></span> <span class='ocrx_word' id='word_1_345' title='bbox 411 1602 430 1622; x_wconf 88' lang='lat' dir='ltr'><em>a</em></span> <span class='ocrx_word' id='word_1_346' title='bbox 453 1594 535 1623; x_wconf 86' lang='lat' dir='ltr'><em>nobis</em></span> <span class='ocrx_word' id='word_1_347' title='bbox 548 1594 623 1631; x_wconf 81' lang='lat' dir='ltr'><em>fleri</em></span> <span class='ocrx_word' id='word_1_348' title='bbox 644 1596 837 1624; x_wconf 84' lang='lat' dir='ltr'><em>summarium</em></span> <span class='ocrx_word' id='word_1_349' title='bbox 853 1596 984 1632; x_wconf 77' lang='lat' dir='ltr'><em>oportuit</em></span> <span class='ocrx_word' id='word_1_350' title='bbox 999 1593 1045 1632; x_wconf 79' lang='lat'><strong>(‘).</strong></span> <span class='ocrx_word' id='word_1_351' title='bbox 1068 1594 1188 1624; x_wconf 86' lang='lat' dir='ltr'><em>Utiliter</em></span> <span class='ocrx_word' id='word_1_352' title='bbox 1210 1603 1279 1624; x_wconf 76' lang='lat' dir='ltr'><em>vero</em></span> <span class='ocrx_word' id='word_1_353' title='bbox 1301 1594 1470 1632; x_wconf 81' lang='lat' dir='ltr'><em>conseretur</em></span> <span class='ocrx_word' id='word_1_354' title='bbox 1491 1603 1558 1625; x_wconf 85' lang='lat' dir='ltr'><em>cum</em></span> <span class='ocrx_word' id='word_1_355' title='bbox 1573 1595 1698 1625; x_wconf 85' lang='lat' dir='ltr'><em>Thomae</em></span> <span class='ocrx_word' id='word_1_356' title='bbox 1716 1595 1907 1633; x_wconf 79' lang='lat' dir='ltr'><em>patriarchae</em></span> <span class='ocrx_word' id='word_1_357' title='bbox 1928 1595 2029 1625; x_wconf 86' lang='lat' dir='ltr'><em>hiero-</em></span> 
     </span>
     <span class='ocr_line' id='line_1_28' title="bbox 326 1646 2030 1687; baseline 0.001 -12"><span class='ocrx_word' id='word_1_358' title='bbox 326 1647 495 1684; x_wconf 69' lang='lat' dir='ltr'><em>solymita-ni</em></span> <span class='ocrx_word' id='word_1_359' title='bbox 516 1646 557 1676; x_wconf 84' lang='lat' dir='ltr'><em>ad</em></span> <span class='ocrx_word' id='word_1_360' title='bbox 578 1646 691 1676; x_wconf 81' lang='lat' dir='ltr'><em>eosdem</em></span> <span class='ocrx_word' id='word_1_361' title='bbox 713 1646 866 1676; x_wconf 86' lang='lat' dir='ltr'><em>Armenios</em></span> <span class='ocrx_word' id='word_1_362' title='bbox 889 1647 1054 1684; x_wconf 73' lang='lat' dir='ltr'><em>doqmatica</em></span> <span class='ocrx_word' id='word_1_363' title='bbox 1077 1649 1145 1676; x_wconf 86' lang='lat' dir='ltr'><em>item</em></span> <span class='ocrx_word' id='word_1_364' title='bbox 1169 1647 1306 1685; x_wconf 87' lang='lat' dir='ltr'><em>epistola,</em></span> <span class='ocrx_word' id='word_1_365' title='bbox 1329 1656 1405 1686; x_wconf 82' lang='lat' dir='ltr'><em>quae</em></span> <span class='ocrx_word' id='word_1_366' title='bbox 1428 1650 1511 1677; x_wconf 73' lang='lat' dir='ltr'><em>eoetat</em></span> <span class='ocrx_word' id='word_1_367' title='bbox 1532 1649 1564 1678; x_wconf 83' lang='lat' dir='ltr'><em>in</em></span> <span class='ocrx_word' id='word_1_368' title='bbox 1589 1649 1676 1678; x_wconf 90' lang='lat' dir='ltr'><em>Tomo</em></span> <span class='ocrx_word' id='word_1_369' title='bbox 1698 1648 1767 1678; x_wconf 71' lang='lat' dir='ltr'><em>XV.</em></span> <span class='ocrx_word' id='word_1_370' title='bbox 1785 1657 1907 1687; x_wconf 81' lang='lat' dir='ltr'><em>operum</em></span> <span class='ocrx_word' id='word_1_371' title='bbox 1929 1648 2030 1677; x_wconf 83' lang='lat' dir='ltr'><em>Iacobi</em></span> 
     </span>
     <span class='ocr_line' id='line_1_29' title="bbox 328 1699 1030 1738; baseline 0 -10"><span class='ocrx_word' id='word_1_372' title='bbox 328 1700 455 1728; x_wconf 80' lang='lat' dir='ltr'><em>Gretseri</em></span> <span class='ocrx_word' id='word_1_373' title='bbox 479 1702 556 1729; x_wconf 83' lang='lat' dir='ltr'><em>inter</em></span> <span class='ocrx_word' id='word_1_374' title='bbox 578 1699 732 1729; x_wconf 81' lang='lat' dir='ltr'><em>Abucarae</em></span> <span class='ocrx_word' id='word_1_375' title='bbox 755 1700 897 1738; x_wconf 79' lang='lat' dir='ltr'><em>opuscula</em></span> <span class='ocrx_word' id='word_1_376' title='bbox 921 1709 951 1729; x_wconf 89' lang='lat' dir='ltr'><em>n.</em></span> <span class='ocrx_word' id='word_1_377' title='bbox 973 1699 1030 1729; x_wconf 66' lang='lat'><em>11⁷.</em></span> 
     </span>
    </p>
   </div>
   <div class='ocr_carea' id='block_1_2' title="bbox 322 2040 2033 2700">
    <p class='ocr_par' dir='ltr' id='par_1_3' title="bbox 322 2040 2033 2700">
     <span class='ocr_line' id='line_1_30' title="bbox 410 2040 2030 2076; baseline -0.001 -8"><span class='ocrx_word' id='word_1_378' title='bbox 410 2041 442 2074; x_wconf 56' lang='grc' dir='ltr'><em>(Ἴ</em></span> <span class='ocrx_word' id='word_1_379' title='bbox 463 2042 505 2068; x_wconf 79' lang='lat' dir='ltr'><em>De</em></span> <span class='ocrx_word' id='word_1_380' title='bbox 524 2045 688 2075; x_wconf 77' lang='lat' dir='ltr'><em>argumento</em></span> <span class='ocrx_word' id='word_1_381' title='bbox 708 2040 804 2068; x_wconf 85' lang='lat' dir='ltr'><em>eodem</em></span> <span class='ocrx_word' id='word_1_382' title='bbox 824 2040 914 2076; x_wconf 84' lang='lat' dir='ltr'><em>placet</em></span> <span class='ocrx_word' id='word_1_383' title='bbox 933 2040 994 2068; x_wconf 81' lang='lat' dir='ltr'><em>heic</em></span> <span class='ocrx_word' id='word_1_384' title='bbox 1013 2041 1166 2076; x_wconf 63' lang='lat' dir='ltr'><em>epimetron</em></span> <span class='ocrx_word' id='word_1_385' title='bbox 1184 2040 1326 2076; x_wconf 85' lang='lat' dir='ltr'><em>quoddam</em></span> <span class='ocrx_word' id='word_1_386' title='bbox 1346 2044 1464 2068; x_wconf 80' lang='lat' dir='ltr'><em>attexere</em></span> <span class='ocrx_word' id='word_1_387' title='bbox 1485 2041 1515 2068; x_wconf 87' lang='lat' dir='ltr'><em>in</em></span> <span class='ocrx_word' id='word_1_388' title='bbox 1533 2048 1618 2067; x_wconf 79' lang='lat' dir='ltr'><em>vacuo</em></span> <span class='ocrx_word' id='word_1_389' title='bbox 1640 2041 1756 2076; x_wconf 77' lang='lat' dir='ltr'><em>paginae</em></span> <span class='ocrx_word' id='word_1_390' title='bbox 1776 2041 1880 2076; x_wconf 80' lang='lat' dir='ltr'><em>spatio,</em></span> <span class='ocrx_word' id='word_1_391' title='bbox 1900 2049 1935 2068; x_wconf 91' lang='lat' dir='ltr'><em>ne</em></span> <span class='ocrx_word' id='word_1_392' title='bbox 1955 2048 1997 2068; x_wconf 88' lang='lat' dir='ltr'><em>res</em></span> <span class='ocrx_word' id='word_1_393' title='bbox 2015 2049 2030 2067; x_wconf 80' lang='lat' dir='ltr'><em>a</em></span> 
     </span>
     <span class='ocr_line' id='line_1_31' title="bbox 328 2085 2030 2121; baseline 0.002 -11"><span class='ocrx_word' id='word_1_394' title='bbox 328 2092 369 2112; x_wconf 87' lang='lat' dir='ltr'><em>me</em></span> <span class='ocrx_word' id='word_1_395' title='bbox 384 2085 412 2111; x_wconf 89' lang='lat' dir='ltr'><em>in</em></span> <span class='ocrx_word' id='word_1_396' title='bbox 427 2085 569 2113; x_wconf 70' lang='lat' dir='ltr'><em>codicibus</em></span> <span class='ocrx_word' id='word_1_397' title='bbox 584 2085 723 2113; x_wconf 75' lang='lat' dir='ltr'><em>observata</em></span> <span class='ocrx_word' id='word_1_398' title='bbox 737 2090 838 2120; x_wconf 84' lang='lat' dir='ltr'><em>pereat.</em></span> <span class='ocrx_word' id='word_1_399' title='bbox 856 2087 887 2112; x_wconf 91' lang='lat' dir='ltr'><em>In</em></span> <span class='ocrx_word' id='word_1_400' title='bbox 900 2086 1026 2113; x_wconf 79' lang='lat' dir='ltr'><em>vaticano</em></span> <span class='ocrx_word' id='word_1_401' title='bbox 1038 2086 1124 2121; x_wconf 84' lang='lat' dir='ltr'><em>igitur</em></span> <span class='ocrx_word' id='word_1_402' title='bbox 1138 2085 1186 2112; x_wconf 81' lang='lat' dir='ltr'><em>lat.</em></span> <span class='ocrx_word' id='word_1_403' title='bbox 1202 2085 1296 2113; x_wconf 86' lang='lat' dir='ltr'><em>codice</em></span> <span class='ocrx_word' id='word_1_404' title='bbox 1310 2088 1386 2113; x_wconf 80' lang='lat'>1267.</span> <span class='ocrx_word' id='word_1_405' title='bbox 1399 2085 1418 2113; x_wconf 84' lang='lat' dir='ltr'><em>f.</em></span> <span class='ocrx_word' id='word_1_406' title='bbox 1431 2089 1475 2113; x_wconf 82' lang='grc'><em>51.</em></span> <span class='ocrx_word' id='word_1_407' title='bbox 1487 2085 1515 2112; x_wconf 88' lang='lat' dir='ltr'><em>b.</em></span> <span class='ocrx_word' id='word_1_408' title='bbox 1528 2089 1555 2112; x_wconf 90' lang='lat' dir='ltr'><em>et</em></span> <span class='ocrx_word' id='word_1_409' title='bbox 1566 2093 1623 2120; x_wconf 88' lang='lat' dir='ltr'><em>seq.</em></span> <span class='ocrx_word' id='word_1_410' title='bbox 1637 2087 1774 2120; x_wconf 89' lang='lat' dir='ltr'><em>(itemque</em></span> <span class='ocrx_word' id='word_1_411' title='bbox 1786 2086 1816 2112; x_wconf 90' lang='lat' dir='ltr'><em>in</em></span> <span class='ocrx_word' id='word_1_412' title='bbox 1829 2085 1924 2113; x_wconf 84' lang='lat' dir='ltr'><em>codice</em></span> <span class='ocrx_word' id='word_1_413' title='bbox 1936 2089 2030 2118; x_wconf 76' lang='lat'>1195.)</span> 
     </span>
     <span class='ocr_line' id='line_1_32' title="bbox 325 2129 2031 2167; baseline 0.001 -12"><span class='ocrx_word' id='word_1_414' title='bbox 325 2129 450 2163; x_wconf 75' lang='lat' dir='ltr'><em>legebam</em></span> <span class='ocrx_word' id='word_1_415' title='bbox 474 2137 630 2157; x_wconf 82' lang='lat' dir='ltr'><em>sermonem</em></span> <span class='ocrx_word' id='word_1_416' title='bbox 652 2130 791 2165; x_wconf 79' lang='lat' dir='ltr'><em>quendam</em></span> <span class='ocrx_word' id='word_1_417' title='bbox 814 2135 908 2157; x_wconf 83' lang='lat' dir='ltr'><em>contra</em></span> <span class='ocrx_word' id='word_1_418' title='bbox 932 2131 1058 2158; x_wconf 78' lang='lat' dir='ltr'><em>haereses</em></span> <span class='ocrx_word' id='word_1_419' title='bbox 1082 2130 1279 2167; x_wconf 70' lang='lat' dir='ltr'><em>eutychianam</em></span> <span class='ocrx_word' id='word_1_420' title='bbox 1302 2138 1334 2157; x_wconf 84' lang='lat' dir='ltr'><em>ac</em></span> <span class='ocrx_word' id='word_1_421' title='bbox 1355 2130 1545 2158; x_wconf 78' lang='lat' dir='ltr'><em>nestorianam</em></span> <span class='ocrx_word' id='word_1_422' title='bbox 1569 2130 1735 2165; x_wconf 86' lang='lat' dir='ltr'><em>inscriptum</em></span> <span class='ocrx_word' id='word_1_423' title='bbox 1757 2131 1784 2157; x_wconf 91' lang='lat' dir='ltr'><em>S.</em></span> <span class='ocrx_word' id='word_1_424' title='bbox 1806 2129 1909 2165; x_wconf 77' lang='lat' dir='ltr'><em>Cyrillo</em></span> <span class='ocrx_word' id='word_1_425' title='bbox 1931 2132 1981 2162; x_wconf 89' lang='lat' dir='ltr'><em>(at</em></span> <span class='ocrx_word' id='word_1_426' title='bbox 2000 2130 2031 2157; x_wconf 88' lang='lat' dir='ltr'><em>iu</em></span> 
     </span>
     <span class='ocr_line' id='line_1_33' title="bbox 327 2171 2030 2210; baseline 0.001 -11"><span class='ocrx_word' id='word_1_427' title='bbox 327 2171 386 2199; x_wconf 86' lang='lat' dir='ltr'><em>cod.</em></span> <span class='ocrx_word' id='word_1_428' title='bbox 410 2176 487 2200; x_wconf 81' lang='lat'>1195.</span> <span class='ocrx_word' id='word_1_429' title='bbox 508 2174 672 2209; x_wconf 85' lang='lat' dir='ltr'><em>inscriptum</em></span> <span class='ocrx_word' id='word_1_430' title='bbox 693 2175 720 2201; x_wconf 94' lang='lat' dir='ltr'><em>S.</em></span> <span class='ocrx_word' id='word_1_431' title='bbox 740 2175 917 2210; x_wconf 74' lang='lat' dir='ltr'><em>Augustino)</em></span> <span class='ocrx_word' id='word_1_432' title='bbox 938 2175 1018 2202; x_wconf 86' lang='lat' dir='ltr'><em>cuius</em></span> <span class='ocrx_word' id='word_1_433' title='bbox 1036 2175 1172 2202; x_wconf 86' lang='lat' dir='ltr'><em>sermonis</em></span> <span class='ocrx_word' id='word_1_434' title='bbox 1191 2175 1310 2210; x_wconf 81' lang='lat' dir='ltr'><em>priorem</em></span> <span class='ocrx_word' id='word_1_435' title='bbox 1331 2178 1436 2210; x_wconf 81' lang='lat' dir='ltr'><em>partem</em></span> <span class='ocrx_word' id='word_1_436' title='bbox 1457 2182 1552 2210; x_wconf 82' lang='lat' dir='ltr'><em>reapse</em></span> <span class='ocrx_word' id='word_1_437' title='bbox 1571 2174 1691 2210; x_wconf 87' lang='lat' dir='ltr'><em>comperi</em></span> <span class='ocrx_word' id='word_1_438' title='bbox 1708 2178 1848 2209; x_wconf 79' lang='lat' dir='ltr'><em>sumptam</em></span> <span class='ocrx_word' id='word_1_439' title='bbox 1867 2182 1899 2201; x_wconf 88' lang='lat' dir='ltr'><em>ex</em></span> <span class='ocrx_word' id='word_1_440' title='bbox 1915 2174 2030 2209; x_wconf 82' lang='lat' dir='ltr'><em>epistola</em></span> 
     </span>
     <span class='ocr_line' id='line_1_34' title="bbox 325 2217 2032 2254; baseline 0.001 -11"><span class='ocrx_word' id='word_1_441' title='bbox 325 2217 420 2252; x_wconf 66' lang='lat' dir='ltr'><em>Cyriili</em></span> <span class='ocrx_word' id='word_1_442' title='bbox 440 2218 519 2244; x_wconf 86' lang='lat' dir='ltr'><em>tertia</em></span> <span class='ocrx_word' id='word_1_443' title='bbox 539 2217 574 2244; x_wconf 83' lang='lat' dir='ltr'><em>ad</em></span> <span class='ocrx_word' id='word_1_444' title='bbox 592 2219 750 2246; x_wconf 79' lang='lat' dir='ltr'><em>Nestorium</em></span> <span class='ocrx_word' id='word_1_445' title='bbox 770 2218 830 2251; x_wconf 92' lang='lat' dir='ltr'><em>(ed.</em></span> <span class='ocrx_word' id='word_1_446' title='bbox 851 2219 968 2246; x_wconf 86' lang='lat' dir='ltr'><em>Aubert.</em></span> <span class='ocrx_word' id='word_1_447' title='bbox 991 2220 1022 2245; x_wconf 90' lang='lat' dir='ltr'><em>T.</em></span> <span class='ocrx_word' id='word_1_448' title='bbox 1044 2220 1077 2247; x_wconf 79' lang='lat' dir='ltr'><em>V.</em></span> <span class='ocrx_word' id='word_1_449' title='bbox 1098 2223 1168 2254; x_wconf 80' lang='lat' dir='ltr'><em>part.</em></span> <span class='ocrx_word' id='word_1_450' title='bbox 1190 2222 1216 2246; x_wconf 79' lang='lat'><em>2.</em></span> <span class='ocrx_word' id='word_1_451' title='bbox 1238 2227 1264 2254; x_wconf 87' lang='lat' dir='ltr'><em>p.</em></span> <span class='ocrx_word' id='word_1_452' title='bbox 1284 2222 1328 2246; x_wconf 82' lang='lat'><em>22.</em></span> <span class='ocrx_word' id='word_1_453' title='bbox 1349 2224 1377 2246; x_wconf 90' lang='lat' dir='ltr'><em>et</em></span> <span class='ocrx_word' id='word_1_454' title='bbox 1395 2221 1473 2254; x_wconf 83' lang='lat' dir='ltr'><em>seq.)</em></span> <span class='ocrx_word' id='word_1_455' title='bbox 1492 2226 1591 2254; x_wconf 83' lang='lat' dir='ltr'><em>nempe</em></span> <span class='ocrx_word' id='word_1_456' title='bbox 1611 2218 1682 2246; x_wconf 76' lang='lat' dir='ltr'><em>illud</em></span> <span class='ocrx_word' id='word_1_457' title='bbox 1698 2223 1856 2254; x_wconf 83' lang='lat' dir='ltr'><em>excerptum</em></span> <span class='ocrx_word' id='word_1_458' title='bbox 1875 2218 1950 2254; x_wconf 88' lang='lat' dir='ltr'><em>quod</em></span> <span class='ocrx_word' id='word_1_459' title='bbox 1969 2222 2032 2254; x_wconf 86' lang='lat' dir='ltr'><em>post</em></span> 
     </span>
     <span class='ocr_line' id='line_1_35' title="bbox 324 2261 2030 2298; baseline 0.002 -12"><span class='ocrx_word' id='word_1_460' title='bbox 324 2262 351 2286; x_wconf 65' lang='lat' dir='ltr'><em>S.</em></span> <span class='ocrx_word' id='word_1_461' title='bbox 373 2261 474 2288; x_wconf 81' lang='lat' dir='ltr'><em>Leonis</em></span> <span class='ocrx_word' id='word_1_462' title='bbox 496 2261 639 2296; x_wconf 81' lang='lat' dir='ltr'><em>epistolam</em></span> <span class='ocrx_word' id='word_1_463' title='bbox 662 2266 722 2290; x_wconf 79' lang='lat'>165.</span> <span class='ocrx_word' id='word_1_464' title='bbox 744 2263 804 2296; x_wconf 75' lang='lat' dir='ltr'><em>(ed.</em></span> <span class='ocrx_word' id='word_1_465' title='bbox 824 2263 925 2291; x_wconf 86' lang='lat' dir='ltr'><em>Baller.</em></span> <span class='ocrx_word' id='word_1_466' title='bbox 946 2263 979 2290; x_wconf 86' lang='lat' dir='ltr'><em>T.</em></span> <span class='ocrx_word' id='word_1_467' title='bbox 1001 2264 1022 2289; x_wconf 91' lang='grc' dir='ltr'><em>Ι.</em></span> <span class='ocrx_word' id='word_1_468' title='bbox 1044 2263 1096 2290; x_wconf 86' lang='lat' dir='ltr'><em>eol.</em></span> <span class='ocrx_word' id='word_1_469' title='bbox 1121 2266 1218 2295; x_wconf 83' lang='grc'>1397.)</span> <span class='ocrx_word' id='word_1_470' title='bbox 1239 2263 1343 2298; x_wconf 79' lang='lat' dir='ltr'><em>legitur</em></span> <span class='ocrx_word' id='word_1_471' title='bbox 1363 2263 1437 2290; x_wconf 88' lang='lat' dir='ltr'><em>inter</em></span> <span class='ocrx_word' id='word_1_472' title='bbox 1458 2262 1614 2298; x_wconf 85' lang='lat' dir='ltr'><em>dogmatica</em></span> <span class='ocrx_word' id='word_1_473' title='bbox 1636 2262 1804 2290; x_wconf 79' lang='lat' dir='ltr'><em>testimonia.</em></span> <span class='ocrx_word' id='word_1_474' title='bbox 1825 2261 1915 2290; x_wconf 82' lang='lat' dir='ltr'><em>Codex</em></span> <span class='ocrx_word' id='word_1_475' title='bbox 1938 2267 2030 2290; x_wconf 82' lang='lat' dir='ltr'><em>tamen</em></span> 
     </span>
     <span class='ocr_line' id='line_1_36' title="bbox 326 2304 2032 2342; baseline 0.002 -12"><span class='ocrx_word' id='word_1_476' title='bbox 326 2309 378 2331; x_wconf 67' lang='lat' dir='ltr'><em>xat.</em></span> <span class='ocrx_word' id='word_1_477' title='bbox 397 2304 484 2332; x_wconf 77' lang='lat' dir='ltr'><em>honus</em></span> <span class='ocrx_word' id='word_1_478' title='bbox 505 2306 587 2333; x_wconf 80' lang='lat' dir='ltr'><em>habet</em></span> <span class='ocrx_word' id='word_1_479' title='bbox 605 2306 747 2334; x_wconf 78' lang='lat' dir='ltr'><em>varietates</em></span> <span class='ocrx_word' id='word_1_480' title='bbox 764 2316 788 2333; x_wconf 78' lang='lat' dir='ltr'><em>v.</em></span> <span class='ocrx_word' id='word_1_481' title='bbox 805 2315 845 2342; x_wconf 76' lang='lat' dir='ltr'><em>gr.</em></span> <span class='ocrx_word' id='word_1_482' title='bbox 862 2311 886 2334; x_wconf 87' lang='lat'><em>1.</em></span> <span class='ocrx_word' id='word_1_483' title='bbox 901 2307 945 2335; x_wconf 83' lang='lat' dir='ltr'><em>ed.</em></span> <span class='ocrx_word' id='word_1_484' title='bbox 961 2307 1056 2335; x_wconf 82' lang='lat' dir='ltr'><em>tumen</em></span> <span class='ocrx_word' id='word_1_485' title='bbox 1073 2308 1108 2335; x_wconf 83' lang='lat' dir='ltr'><em>de</em></span> <span class='ocrx_word' id='word_1_486' title='bbox 1127 2308 1248 2341; x_wconf 80' lang='lat' dir='ltr'><em>lumine,</em></span> <span class='ocrx_word' id='word_1_487' title='bbox 1265 2312 1293 2335; x_wconf 84' lang='lat' dir='ltr'><em>at</em></span> <span class='ocrx_word' id='word_1_488' title='bbox 1307 2307 1367 2335; x_wconf 84' lang='lat' dir='ltr'><em>cod.</em></span> <span class='ocrx_word' id='word_1_489' title='bbox 1389 2308 1483 2334; x_wconf 80' lang='lat' dir='ltr'><em>lumen</em></span> <span class='ocrx_word' id='word_1_490' title='bbox 1505 2315 1603 2334; x_wconf 77' lang='lat' dir='ltr'><em>rerum</em></span> <span class='ocrx_word' id='word_1_491' title='bbox 1621 2304 1658 2335; x_wconf 83' lang='lat' dir='ltr'><em>de</em></span> <span class='ocrx_word' id='word_1_492' title='bbox 1672 2307 1777 2334; x_wconf 76' lang='lat' dir='ltr'><em>lumine</em></span> <span class='ocrx_word' id='word_1_493' title='bbox 1798 2315 1872 2334; x_wconf 76' lang='lat' dir='ltr'><em>rere.</em></span> <span class='ocrx_word' id='word_1_494' title='bbox 1891 2310 1917 2334; x_wconf 77' lang='lat'><em>2.</em></span> <span class='ocrx_word' id='word_1_495' title='bbox 1932 2307 1974 2335; x_wconf 86' lang='lat' dir='ltr'><em>ed.</em></span> <span class='ocrx_word' id='word_1_496' title='bbox 1991 2307 2032 2335; x_wconf 81' lang='lat' dir='ltr'><em>ad</em></span> 
     </span>
     <span class='ocr_line' id='line_1_37' title="bbox 325 2350 2033 2387; baseline 0.002 -13"><span class='ocrx_word' id='word_1_497' title='bbox 325 2351 479 2383; x_wconf 65' lang='lat' dir='ltr'><em>mitatem,</em></span> <span class='ocrx_word' id='word_1_498' title='bbox 499 2350 559 2377; x_wconf 79' lang='lat' dir='ltr'><em>cod.</em></span> <span class='ocrx_word' id='word_1_499' title='bbox 581 2353 609 2377; x_wconf 85' lang='lat' dir='ltr'><em>et</em></span> <span class='ocrx_word' id='word_1_500' title='bbox 626 2353 777 2379; x_wconf 80' lang='lat' dir='ltr'><em>unitatem.</em></span> <span class='ocrx_word' id='word_1_501' title='bbox 798 2355 823 2379; x_wconf 87' lang='lat'><em>3.</em></span> <span class='ocrx_word' id='word_1_502' title='bbox 846 2351 889 2379; x_wconf 88' lang='lat' dir='ltr'><em>ed.</em></span> <span class='ocrx_word' id='word_1_503' title='bbox 912 2352 1061 2380; x_wconf 76' lang='lat' dir='ltr'><em>Christum</em></span> <span class='ocrx_word' id='word_1_504' title='bbox 1080 2360 1165 2378; x_wconf 83' lang='lat' dir='ltr'><em>unum</em></span> <span class='ocrx_word' id='word_1_505' title='bbox 1186 2354 1215 2379; x_wconf 83' lang='lat' dir='ltr'><em>et</em></span> <span class='ocrx_word' id='word_1_506' title='bbox 1233 2353 1378 2379; x_wconf 79' lang='lat' dir='ltr'><em>(lominum</em></span> <span class='ocrx_word' id='word_1_507' title='bbox 1401 2352 1584 2387; x_wconf 80' lang='lat' dir='ltr'><em>confitemur,</em></span> <span class='ocrx_word' id='word_1_508' title='bbox 1600 2355 1628 2378; x_wconf 83' lang='lat' dir='ltr'><em>at</em></span> <span class='ocrx_word' id='word_1_509' title='bbox 1647 2350 1707 2378; x_wconf 78' lang='lat' dir='ltr'><em>cod.</em></span> <span class='ocrx_word' id='word_1_510' title='bbox 1730 2351 1879 2378; x_wconf 80' lang='lat' dir='ltr'><em>Christum</em></span> <span class='ocrx_word' id='word_1_511' title='bbox 1897 2360 1985 2378; x_wconf 83' lang='lat' dir='ltr'><em>unum</em></span> <span class='ocrx_word' id='word_1_512' title='bbox 2004 2355 2033 2378; x_wconf 85' lang='lat' dir='ltr'><em>et.</em></span> 
     </span>
     <span class='ocr_line' id='line_1_38' title="bbox 325 2395 2032 2431; baseline 0.001 -10"><span class='ocrx_word' id='word_1_513' title='bbox 325 2398 413 2421; x_wconf 72' lang='lat' dir='ltr'><em>Deum</em></span> <span class='ocrx_word' id='word_1_514' title='bbox 437 2395 614 2427; x_wconf 75' lang='lat' dir='ltr'><em>eonfitemur.</em></span> <span class='ocrx_word' id='word_1_515' title='bbox 635 2399 660 2422; x_wconf 73' lang='lat'><em>4.</em></span> <span class='ocrx_word' id='word_1_516' title='bbox 682 2395 724 2423; x_wconf 86' lang='lat' dir='ltr'><em>ed.</em></span> <span class='ocrx_word' id='word_1_517' title='bbox 745 2405 855 2423; x_wconf 78' lang='lat' dir='ltr'><em>neeesse</em></span> <span class='ocrx_word' id='word_1_518' title='bbox 874 2399 916 2423; x_wconf 80' lang='lat' dir='ltr'><em>est</em></span> <span class='ocrx_word' id='word_1_519' title='bbox 932 2398 1007 2424; x_wconf 83' lang='lat' dir='ltr'><em>enim</em></span> <span class='ocrx_word' id='word_1_520' title='bbox 1026 2396 1204 2430; x_wconf 77' lang='lat' dir='ltr'><em>discernere,</em></span> <span class='ocrx_word' id='word_1_521' title='bbox 1223 2398 1252 2423; x_wconf 76' lang='lat' dir='ltr'><em>et</em></span> <span class='ocrx_word' id='word_1_522' title='bbox 1271 2397 1368 2423; x_wconf 71' lang='lat' dir='ltr'><em>(licere</em></span> <span class='ocrx_word' id='word_1_523' title='bbox 1387 2396 1530 2423; x_wconf 80' lang='lat' dir='ltr'><em>hominem</em></span> <span class='ocrx_word' id='word_1_524' title='bbox 1548 2397 1711 2431; x_wconf 78' lang='lat' dir='ltr'><em>separatim</em></span> <span class='ocrx_word' id='word_1_525' title='bbox 1723 2395 1834 2430; x_wconf 64' lang='lat' dir='ltr'><em>sitisse,</em></span> <span class='ocrx_word' id='word_1_526' title='bbox 1854 2399 1884 2423; x_wconf 83' lang='lat' dir='ltr'><em>at</em></span> <span class='ocrx_word' id='word_1_527' title='bbox 1899 2396 1961 2423; x_wconf 87' lang='lat' dir='ltr'><em>cod.</em></span> <span class='ocrx_word' id='word_1_528' title='bbox 1981 2404 2032 2423; x_wconf 84' lang='lat' dir='ltr'><em>nec</em></span> 
     </span>
     <span class='ocr_line' id='line_1_39' title="bbox 325 2439 2031 2476; baseline 0.001 -11"><span class='ocrx_word' id='word_1_529' title='bbox 325 2441 400 2466; x_wconf 69' lang='lat' dir='ltr'><em>(nini</em></span> <span class='ocrx_word' id='word_1_530' title='bbox 413 2439 466 2473; x_wconf 73' lang='lat' dir='ltr'><em>jas</em></span> <span class='ocrx_word' id='word_1_531' title='bbox 488 2442 530 2466; x_wconf 81' lang='lat' dir='ltr'><em>est</em></span> <span class='ocrx_word' id='word_1_532' title='bbox 549 2441 726 2474; x_wconf 72' lang='lat' dir='ltr'><em>discernere,</em></span> <span class='ocrx_word' id='word_1_533' title='bbox 747 2444 776 2467; x_wconf 80' lang='lat' dir='ltr'><em>et</em></span> <span class='ocrx_word' id='word_1_534' title='bbox 795 2442 891 2468; x_wconf 78' lang='lat' dir='ltr'><em>(licere</em></span> <span class='ocrx_word' id='word_1_535' title='bbox 909 2441 1053 2468; x_wconf 81' lang='lat' dir='ltr'><em>hominem</em></span> <span class='ocrx_word' id='word_1_536' title='bbox 1072 2443 1233 2476; x_wconf 81' lang='lat' dir='ltr'><em>separatim</em></span> <span class='ocrx_word' id='word_1_537' title='bbox 1245 2440 1349 2475; x_wconf 59' lang='lat' dir='ltr'><em>fuisse.</em></span> <span class='ocrx_word' id='word_1_538' title='bbox 1371 2444 1396 2468; x_wconf 89' lang='lat'><em>5.</em></span> <span class='ocrx_word' id='word_1_539' title='bbox 1420 2440 1464 2468; x_wconf 89' lang='lat' dir='ltr'><em>ed.</em></span> <span class='ocrx_word' id='word_1_540' title='bbox 1480 2442 1758 2476; x_wconf 69' lang='lat' dir='ltr'><em>participationem,</em></span> <span class='ocrx_word' id='word_1_541' title='bbox 1777 2445 1805 2468; x_wconf 82' lang='lat' dir='ltr'><em>nt</em></span> <span class='ocrx_word' id='word_1_542' title='bbox 1824 2440 1886 2468; x_wconf 84' lang='lat' dir='ltr'><em>cod.</em></span> <span class='ocrx_word' id='word_1_543' title='bbox 1904 2442 2031 2476; x_wconf 82' lang='lat' dir='ltr'><em>partici-</em></span> 
     </span>
     <span class='ocr_line' id='line_1_40' title="bbox 322 2484 2028 2521; baseline 0.002 -12"><span class='ocrx_word' id='word_1_544' title='bbox 322 2486 443 2518; x_wconf 75' lang='lat' dir='ltr'><em>patum,</em></span> <span class='ocrx_word' id='word_1_545' title='bbox 464 2484 646 2512; x_wconf 79' lang='lat' dir='ltr'><em>substantive.</em></span> <span class='ocrx_word' id='word_1_546' title='bbox 666 2487 736 2512; x_wconf 80' lang='lat' dir='ltr'><em>Tum</em></span> <span class='ocrx_word' id='word_1_547' title='bbox 759 2485 945 2520; x_wconf 72' lang='lat' dir='ltr'><em>fragmentum</em></span> <span class='ocrx_word' id='word_1_548' title='bbox 967 2486 996 2513; x_wconf 88' lang='lat' dir='ltr'><em>in</em></span> <span class='ocrx_word' id='word_1_549' title='bbox 1018 2485 1111 2513; x_wconf 87' lang='lat' dir='ltr'><em>codice</em></span> <span class='ocrx_word' id='word_1_550' title='bbox 1133 2485 1311 2513; x_wconf 82' lang='lat' dir='ltr'><em>concluditur</em></span> <span class='ocrx_word' id='word_1_551' title='bbox 1333 2486 1392 2518; x_wconf 73' lang='lat' dir='ltr'><em>liis,</em></span> <span class='ocrx_word' id='word_1_552' title='bbox 1413 2493 1484 2521; x_wconf 79' lang='lat' dir='ltr'><em>quae</em></span> <span class='ocrx_word' id='word_1_553' title='bbox 1506 2485 1700 2514; x_wconf 81' lang='lat' dir='ltr'><em>desiderantur</em></span> <span class='ocrx_word' id='word_1_554' title='bbox 1722 2485 1750 2513; x_wconf 90' lang='lat' dir='ltr'><em>in</em></span> <span class='ocrx_word' id='word_1_555' title='bbox 1771 2485 1892 2513; x_wconf 84' lang='lat' dir='ltr'><em>editione</em></span> <span class='ocrx_word' id='word_1_556' title='bbox 1910 2486 2028 2518; x_wconf 68' lang='lat' dir='ltr'><em>Leonis,</em></span> 
     </span>
     <span class='ocr_line' id='line_1_41' title="bbox 325 2528 2030 2566; baseline 0.001 -12"><span class='ocrx_word' id='word_1_557' title='bbox 325 2528 430 2561; x_wconf 70' lang='lat' dir='ltr'><em>verbis,</em></span> <span class='ocrx_word' id='word_1_558' title='bbox 448 2537 538 2564; x_wconf 88' lang='lat' dir='ltr'><em>neque</em></span> <span class='ocrx_word' id='word_1_559' title='bbox 556 2534 649 2556; x_wconf 77' lang='lat' dir='ltr'><em>tamen</em></span> <span class='ocrx_word' id='word_1_560' title='bbox 667 2537 763 2564; x_wconf 66' lang='lat' dir='ltr'><em>graece</em></span> <span class='ocrx_word' id='word_1_561' title='bbox 780 2529 891 2558; x_wconf 83' lang='lat' dir='ltr'><em>desunt.</em></span> <span class='ocrx_word' id='word_1_562' title='bbox 913 2533 991 2557; x_wconf 87' lang='lat' dir='ltr'><em>Ilaec</em></span> <span class='ocrx_word' id='word_1_563' title='bbox 1011 2532 1101 2566; x_wconf 71' lang='lat' dir='ltr'><em>iqitar</em></span> <span class='ocrx_word' id='word_1_564' title='bbox 1114 2539 1172 2566; x_wconf 78' lang='lat' dir='ltr'><em>pro</em></span> <span class='ocrx_word' id='word_1_565' title='bbox 1190 2533 1315 2558; x_wconf 84' lang='lat' dir='ltr'><em>caritate</em></span> <span class='ocrx_word' id='word_1_566' title='bbox 1332 2532 1363 2557; x_wconf 85' lang='lat' dir='ltr'><em>iu</em></span> <span class='ocrx_word' id='word_1_567' title='bbox 1381 2531 1500 2558; x_wconf 84' lang='lat' dir='ltr'><em>Christo</em></span> <span class='ocrx_word' id='word_1_568' title='bbox 1516 2531 1624 2565; x_wconf 85' lang='lat' dir='ltr'><em>scribo,</em></span> <span class='ocrx_word' id='word_1_569' title='bbox 1638 2539 1779 2566; x_wconf 81' lang='lat' dir='ltr'><em>quaereus</em></span> <span class='ocrx_word' id='word_1_570' title='bbox 1800 2532 1945 2565; x_wconf 78' lang='lat' dir='ltr'><em>tamquam</em></span> <span class='ocrx_word' id='word_1_571' title='bbox 1959 2529 2030 2564; x_wconf 86' lang='lat' dir='ltr'><em>sra-</em></span> 
     </span>
     <span class='ocr_line' id='line_1_42' title="bbox 328 2574 2031 2610; baseline 0.001 -12"><span class='ocrx_word' id='word_1_572' title='bbox 328 2575 399 2599; x_wconf 82' lang='lat' dir='ltr'><em>trem</em></span> <span class='ocrx_word' id='word_1_573' title='bbox 421 2575 448 2599; x_wconf 75' lang='lat' dir='ltr'><em>et</em></span> <span class='ocrx_word' id='word_1_574' title='bbox 470 2576 631 2601; x_wconf 74' lang='lat' dir='ltr'><em>contestans</em></span> <span class='ocrx_word' id='word_1_575' title='bbox 651 2582 747 2601; x_wconf 82' lang='lat' dir='ltr'><em>coram</em></span> <span class='ocrx_word' id='word_1_576' title='bbox 771 2574 887 2601; x_wconf 78' lang='lat' dir='ltr'><em>Christo</em></span> <span class='ocrx_word' id='word_1_577' title='bbox 908 2577 936 2601; x_wconf 86' lang='lat' dir='ltr'><em>et</em></span> <span class='ocrx_word' id='word_1_578' title='bbox 955 2575 1052 2601; x_wconf 72' lang='lat' dir='ltr'><em>electis</em></span> <span class='ocrx_word' id='word_1_579' title='bbox 1072 2575 1196 2610; x_wconf 68' lang='lat' dir='ltr'><em>(maelis,</em></span> <span class='ocrx_word' id='word_1_580' title='bbox 1211 2577 1243 2602; x_wconf 83' lang='lat' dir='ltr'><em>ut</em></span> <span class='ocrx_word' id='word_1_581' title='bbox 1260 2575 1446 2602; x_wconf 83' lang='lat' dir='ltr'><em>ecclesiarum</em></span> <span class='ocrx_word' id='word_1_582' title='bbox 1463 2583 1529 2610; x_wconf 70' lang='lat' dir='ltr'><em>pax</em></span> <span class='ocrx_word' id='word_1_583' title='bbox 1547 2574 1631 2602; x_wconf 71' lang='lat' dir='ltr'><em>salva</em></span> <span class='ocrx_word' id='word_1_584' title='bbox 1650 2577 1794 2608; x_wconf 76' lang='lat' dir='ltr'><em>servetur,</em></span> <span class='ocrx_word' id='word_1_585' title='bbox 1814 2576 1841 2601; x_wconf 76' lang='lat' dir='ltr'><em>et</em></span> <span class='ocrx_word' id='word_1_586' title='bbox 1860 2574 2031 2601; x_wconf 80' lang='lat' dir='ltr'><em>concordiae</em></span> 
     </span>
     <span class='ocr_line' id='line_1_43' title="bbox 325 2617 2031 2655; baseline 0.001 -12"><span class='ocrx_word' id='word_1_587' title='bbox 325 2619 514 2652; x_wconf 72' lang='lat' dir='ltr'><em>caritatisque</em></span> <span class='ocrx_word' id='word_1_588' title='bbox 536 2618 677 2645; x_wconf 75' lang='lat' dir='ltr'><em>rinculum</em></span> <span class='ocrx_word' id='word_1_589' title='bbox 702 2618 897 2645; x_wconf 76' lang='lat' dir='ltr'><em>indissolubile</em></span> <span class='ocrx_word' id='word_1_590' title='bbox 921 2622 1040 2646; x_wconf 81' lang='lat' dir='ltr'><em>maneat</em></span> <span class='ocrx_word' id='word_1_591' title='bbox 1059 2620 1257 2647; x_wconf 79' lang='lat' dir='ltr'><em>sacerdotibus</em></span> <span class='ocrx_word' id='word_1_592' title='bbox 1278 2621 1340 2647; x_wconf 86' lang='lat' dir='ltr'><em>Dei.</em></span> <span class='ocrx_word' id='word_1_593' title='bbox 1363 2620 1479 2647; x_wconf 84' lang='lat' dir='ltr'><em>Utinam</em></span> <span class='ocrx_word' id='word_1_594' title='bbox 1502 2627 1565 2647; x_wconf 71' lang='lat' dir='ltr'><em>vero</em></span> <span class='ocrx_word' id='word_1_595' title='bbox 1587 2619 1728 2647; x_wconf 80' lang='lat' dir='ltr'><em>Aubertus</em></span> <span class='ocrx_word' id='word_1_596' title='bbox 1749 2618 1845 2655; x_wconf 75' lang='lat' dir='ltr'><em>cyrilli</em></span> <span class='ocrx_word' id='word_1_597' title='bbox 1869 2617 1958 2646; x_wconf 86' lang='lat' dir='ltr'><em>editor</em></span> <span class='ocrx_word' id='word_1_598' title='bbox 1979 2617 2031 2645; x_wconf 83' lang='lat' dir='ltr'><em>hoc</em></span> 
     </span>
     <span class='ocr_line' id='line_1_44' title="bbox 326 2660 1846 2700; baseline 0.001 -13"><span class='ocrx_word' id='word_1_599' title='bbox 326 2660 396 2695; x_wconf 59' lang='lat' dir='ltr'><em>apud</em></span> <span class='ocrx_word' id='word_1_600' title='bbox 418 2663 537 2689; x_wconf 86' lang='lat' dir='ltr'><em>Leonem</em></span> <span class='ocrx_word' id='word_1_601' title='bbox 558 2666 715 2697; x_wconf 77' lang='lat' dir='ltr'><em>excerptum</em></span> <span class='ocrx_word' id='word_1_602' title='bbox 734 2662 868 2690; x_wconf 70' lang='lat' dir='ltr'><em>novisset!</em></span> <span class='ocrx_word' id='word_1_603' title='bbox 891 2663 927 2690; x_wconf 78' lang='lat' dir='ltr'><em>ita</em></span> <span class='ocrx_word' id='word_1_604' title='bbox 948 2663 1023 2690; x_wconf 83' lang='lat' dir='ltr'><em>enim</em></span> <span class='ocrx_word' id='word_1_605' title='bbox 1045 2663 1161 2691; x_wconf 82' lang='lat' dir='ltr'><em>latinam</em></span> <span class='ocrx_word' id='word_1_606' title='bbox 1180 2671 1259 2692; x_wconf 79' lang='lat' dir='ltr'><em>suam</em></span> <span class='ocrx_word' id='word_1_607' title='bbox 1282 2664 1538 2700; x_wconf 80' lang='lat' dir='ltr'><em>interpretationem</em></span> <span class='ocrx_word' id='word_1_608' title='bbox 1562 2663 1672 2692; x_wconf 83' lang='lat' dir='ltr'><em>fecisset</em></span> <span class='ocrx_word' id='word_1_609' title='bbox 1692 2663 1846 2691; x_wconf 85' lang='lat' dir='ltr'><em>meliorem.</em></span> 
     </span>
    </p>
   </div>
  </div>
 </body>
</html>
