<?xml version="1.0" encoding="UTF-8"?>
<!DOCTYPE html PUBLIC "-//W3C//DTD XHTML 1.0 Transitional//EN"
    "http://www.w3.org/TR/xhtml1/DTD/xhtml1-transitional.dtd">
<html xmlns="http://www.w3.org/1999/xhtml" xml:lang="en" lang="en">
 <head>
  <title>
</title>
<meta http-equiv="Content-Type" content="text/html;charset=utf-8" />
  <meta name='ocr-system' content='tesseract 3.04.00' />
  <meta name='ocr-capabilities' content='ocr_page ocr_carea ocr_par ocr_line ocrx_word'/>
</head>
<body>
  <div class='ocr_page' id='page_1' title='image "./novaepatrumbibli02maiauoft/novaepatrumbibli02maiauoft_0603.png"; bbox 0 0 2219 3322; ppageno 0'>
   <div class='ocr_carea' id='block_1_1' title="bbox 846 260 1246 304">
    <p class='ocr_par' dir='ltr' id='par_1_1' title="bbox 846 260 1246 304">
     <span class='ocr_line' id='line_1_1' title="bbox 846 260 1246 304; baseline -0.005 0"><span class='ocrx_word' id='word_1_1' title='bbox 846 260 1246 304; x_wconf 86' lang='lat' dir='ltr'>MONITUM.</span> 
     </span>
    </p>
   </div>
   <div class='ocr_carea' id='block_1_2' title="bbox 906 418 1188 432">
    <p class='ocr_par' dir='ltr' id='par_1_2' title="bbox 906 418 1188 432">
     <span class='ocr_line' id='line_1_2' title="bbox 906 418 1188 432; baseline 0 2890"><span class='ocrx_word' id='word_1_2' title='bbox 906 418 1188 432; x_wconf 95' lang='lat' dir='ltr'><em> </em></span> 
     </span>
    </p>
   </div>
   <div class='ocr_carea' id='block_1_3' title="bbox 191 561 1904 2908">
    <p class='ocr_par' dir='ltr' id='par_1_3' title="bbox 196 561 1904 1420">
     <span class='ocr_line' id='line_1_3' title="bbox 204 561 1897 632; baseline -0.002 -16"><span class='ocrx_word' id='word_1_3' title='bbox 204 561 293 632; x_wconf 73' lang='lat' dir='ltr'><em>Quo</em></span> <span class='ocrx_word' id='word_1_4' title='bbox 316 595 369 625; x_wconf 68' lang='lat' dir='ltr'><em>eqo</em></span> <span class='ocrx_word' id='word_1_5' title='bbox 393 588 520 624; x_wconf 86' lang='lat' dir='ltr'><em>tempore</em></span> <span class='ocrx_word' id='word_1_6' title='bbox 543 583 739 622; x_wconf 71' lang='lat' dir='ltr'><em>doymaticam</em></span> <span class='ocrx_word' id='word_1_7' title='bbox 759 583 859 612; x_wconf 78' lang='lat' dir='ltr'><em>I’hotii</em></span> <span class='ocrx_word' id='word_1_8' title='bbox 880 583 922 612; x_wconf 89' lang='lat' dir='ltr'><em>ad</em></span> <span class='ocrx_word' id='word_1_9' title='bbox 942 583 1150 612; x_wconf 80' lang='lat' dir='ltr'><em>Armeniorum</em></span> <span class='ocrx_word' id='word_1_10' title='bbox 1168 581 1373 620; x_wconf 75' lang='lat' dir='ltr'><em>patriarcham</em></span> <span class='ocrx_word' id='word_1_11' title='bbox 1396 581 1564 620; x_wconf 81' lang='lat' dir='ltr'><em>epistolam,</em></span> <span class='ocrx_word' id='word_1_12' title='bbox 1585 581 1659 611; x_wconf 83' lang='lat' dir='ltr'><em>mihi</em></span> <span class='ocrx_word' id='word_1_13' title='bbox 1681 591 1699 611; x_wconf 87' lang='lat' dir='ltr'><em>a</em></span> <span class='ocrx_word' id='word_1_14' title='bbox 1721 582 1812 611; x_wconf 84' lang='lat' dir='ltr'><em>doctis</em></span> <span class='ocrx_word' id='word_1_15' title='bbox 1833 583 1897 612; x_wconf 74' lang='grc' dir='ltr'><em>ΡΙ).</em></span> 
     </span>
     <span class='ocr_line' id='line_1_4' title="bbox 198 635 1899 675; baseline -0.002 -5"><span class='ocrx_word' id='word_1_16' title='bbox 198 640 406 670; x_wconf 84' lang='lat' dir='ltr'><em>Mechitaristis</em></span> <span class='ocrx_word' id='word_1_17' title='bbox 425 638 582 674; x_wconf 74' lang='lat' dir='ltr'><em>traditam,</em></span> <span class='ocrx_word' id='word_1_18' title='bbox 603 637 686 666; x_wconf 78' lang='lat' dir='ltr'><em>edidi</em></span> <span class='ocrx_word' id='word_1_19' title='bbox 708 637 834 675; x_wconf 81' lang='lat' dir='ltr'><em>(Spicil.</em></span> <span class='ocrx_word' id='word_1_20' title='bbox 854 645 928 665; x_wconf 90' lang='lat' dir='ltr'><em>rom.</em></span> <span class='ocrx_word' id='word_1_21' title='bbox 949 637 983 665; x_wconf 90' lang='grc' dir='ltr'><em>Τ.</em></span> <span class='ocrx_word' id='word_1_22' title='bbox 1001 635 1064 673; x_wconf 84' lang='lat' dir='ltr'><em>X.)</em></span> <span class='ocrx_word' id='word_1_23' title='bbox 1083 635 1204 664; x_wconf 82' lang='lat' dir='ltr'><em>memini</em></span> <span class='ocrx_word' id='word_1_24' title='bbox 1220 644 1264 664; x_wconf 89' lang='lat' dir='ltr'><em>me</em></span> <span class='ocrx_word' id='word_1_25' title='bbox 1280 635 1421 664; x_wconf 85' lang='lat' dir='ltr'><em>adnotare</em></span> <span class='ocrx_word' id='word_1_26' title='bbox 1440 637 1471 664; x_wconf 82' lang='lat' dir='ltr'><em>in</em></span> <span class='ocrx_word' id='word_1_27' title='bbox 1489 637 1614 674; x_wconf 76' lang='lat' dir='ltr'><em>praecio</em></span> <span class='ocrx_word' id='word_1_28' title='bbox 1632 636 1740 665; x_wconf 82' lang='lat' dir='ltr'><em>monito</em></span> <span class='ocrx_word' id='word_1_29' title='bbox 1758 645 1794 674; x_wconf 87' lang='lat' dir='ltr'><em>p.</em></span> <span class='ocrx_word' id='word_1_30' title='bbox 1816 636 1879 666; x_wconf 63' lang='lat'><em>44⁴2</em></span> <span class='ocrx_word' id='word_1_31' title='bbox 1891 659 1899 673; x_wconf 90' lang='lat'>‚</span> 
     </span>
     <span class='ocr_line' id='line_1_5' title="bbox 197 687 1901 728; baseline -0.002 -6"><span class='ocrx_word' id='word_1_32' title='bbox 197 696 330 722; x_wconf 86' lang='lat' dir='ltr'><em>sanctum</em></span> <span class='ocrx_word' id='word_1_33' title='bbox 354 692 531 721; x_wconf 81' lang='lat' dir='ltr'><strong><em>Germanum</em></strong></span> <span class='ocrx_word' id='word_1_34' title='bbox 546 690 581 727; x_wconf 90' lang='lat' dir='ltr'><em>I,</em></span> <span class='ocrx_word' id='word_1_35' title='bbox 602 692 654 728; x_wconf 84' lang='lat' dir='ltr'><em>qui</em></span> <span class='ocrx_word' id='word_1_36' title='bbox 670 689 958 727; x_wconf 83' lang='lat' dir='ltr'><em>Constantinopoleos</em></span> <span class='ocrx_word' id='word_1_37' title='bbox 977 687 1153 726; x_wconf 83' lang='lat' dir='ltr'><em>patriarcha</em></span> <span class='ocrx_word' id='word_1_38' title='bbox 1175 697 1253 718; x_wconf 87' lang='lat' dir='ltr'><em>anno</em></span> <span class='ocrx_word' id='word_1_39' title='bbox 1278 688 1387 717; x_wconf 75' lang='lat' dir='ltr'><em>Christi</em></span> <span class='ocrx_word' id='word_1_40' title='bbox 1408 688 1482 718; x_wconf 76' lang='lat'><em>715.</em></span> <span class='ocrx_word' id='word_1_41' title='bbox 1502 688 1658 726; x_wconf 77' lang='lat' dir='ltr'><em>processit,</em></span> <span class='ocrx_word' id='word_1_42' title='bbox 1681 692 1708 718; x_wconf 87' lang='lat' dir='ltr'><em>et</em></span> <span class='ocrx_word' id='word_1_43' title='bbox 1731 698 1806 718; x_wconf 82' lang='lat' dir='ltr'><em>anno</em></span> <span class='ocrx_word' id='word_1_44' title='bbox 1826 689 1901 719; x_wconf 79' lang='lat'><em>730.</em></span> 
     </span>
     <span class='ocr_line' id='line_1_6' title="bbox 197 741 1903 783; baseline -0.002 -9"><span class='ocrx_word' id='word_1_45' title='bbox 197 755 234 774; x_wconf 90' lang='lat' dir='ltr'><em>ea</em></span> <span class='ocrx_word' id='word_1_46' title='bbox 249 745 393 783; x_wconf 60' lang='lat' dir='ltr'><em>dignitate</em></span> <span class='ocrx_word' id='word_1_47' title='bbox 407 753 437 773; x_wconf 89' lang='lat' dir='ltr'><em>se</em></span> <span class='ocrx_word' id='word_1_48' title='bbox 453 743 617 781; x_wconf 78' lang='lat' dir='ltr'><em>abdicavit,</em></span> <span class='ocrx_word' id='word_1_49' title='bbox 638 743 752 773; x_wconf 80' lang='lat' dir='ltr'><em>litteras</em></span> <span class='ocrx_word' id='word_1_50' title='bbox 764 743 884 782; x_wconf 81' lang='lat' dir='ltr'><em>pariter</em></span> <span class='ocrx_word' id='word_1_51' title='bbox 900 741 936 771; x_wconf 85' lang='lat' dir='ltr'><em>de</em></span> <span class='ocrx_word' id='word_1_52' title='bbox 943 741 1010 779; x_wconf 88' lang='lat' dir='ltr'><em>fide</em></span> <span class='ocrx_word' id='word_1_53' title='bbox 1025 741 1191 771; x_wconf 65' lang='lat' dir='ltr'><em>orthodoxa</em></span> <span class='ocrx_word' id='word_1_54' title='bbox 1207 741 1248 771; x_wconf 89' lang='lat' dir='ltr'><em>ad</em></span> <span class='ocrx_word' id='word_1_55' title='bbox 1264 742 1418 771; x_wconf 83' lang='lat' dir='ltr'><em>Armenios</em></span> <span class='ocrx_word' id='word_1_56' title='bbox 1434 741 1561 778; x_wconf 79' lang='lat' dir='ltr'><em>dedisse,</em></span> <span class='ocrx_word' id='word_1_57' title='bbox 1579 750 1653 780; x_wconf 84' lang='lat' dir='ltr'><em>quae</em></span> <span class='ocrx_word' id='word_1_58' title='bbox 1672 744 1701 771; x_wconf 86' lang='lat' dir='ltr'><em>tn.</em></span> <span class='ocrx_word' id='word_1_59' title='bbox 1716 743 1800 771; x_wconf 81' lang='lat' dir='ltr'><em>libris</em></span> <span class='ocrx_word' id='word_1_60' title='bbox 1818 742 1903 771; x_wconf 78' lang='lat' dir='ltr'><em>editis</em></span> 
     </span>
     <span class='ocr_line' id='line_1_7' title="bbox 199 796 1903 837; baseline -0.002 -9"><span class='ocrx_word' id='word_1_61' title='bbox 199 808 257 828; x_wconf 82' lang='lat' dir='ltr'><em>non</em></span> <span class='ocrx_word' id='word_1_62' title='bbox 279 800 438 837; x_wconf 87' lang='lat' dir='ltr'><em>apparent.</em></span> <span class='ocrx_word' id='word_1_63' title='bbox 463 798 581 827; x_wconf 78' lang='lat' dir='ltr'><em>Etenim</em></span> <span class='ocrx_word' id='word_1_64' title='bbox 600 799 662 826; x_wconf 86' lang='lat' dir='ltr'><em>eius</em></span> <span class='ocrx_word' id='word_1_65' title='bbox 686 799 730 827; x_wconf 88' lang='lat' dir='ltr'><em>rei</em></span> <span class='ocrx_word' id='word_1_66' title='bbox 748 797 926 834; x_wconf 81' lang='lat' dir='ltr'><em>testimonia,</em></span> <span class='ocrx_word' id='word_1_67' title='bbox 945 800 979 825; x_wconf 83' lang='lat' dir='ltr'><em>ut</em></span> <span class='ocrx_word' id='word_1_68' title='bbox 1001 798 1051 825; x_wconf 89' lang='lat' dir='ltr'><em>cit.</em></span> <span class='ocrx_word' id='word_1_69' title='bbox 1072 796 1133 825; x_wconf 83' lang='lat' dir='ltr'><em>loco</em></span> <span class='ocrx_word' id='word_1_70' title='bbox 1151 796 1236 833; x_wconf 69' lang='lat' dir='ltr'><em>dixi,</em></span> <span class='ocrx_word' id='word_1_71' title='bbox 1261 796 1392 826; x_wconf 87' lang='lat' dir='ltr'><em>Galanus</em></span> <span class='ocrx_word' id='word_1_72' title='bbox 1411 796 1581 834; x_wconf 77' lang='lat' dir='ltr'><em>protulerat</em></span> <span class='ocrx_word' id='word_1_73' title='bbox 1598 798 1628 826; x_wconf 88' lang='lat' dir='ltr'><em>in</em></span> <span class='ocrx_word' id='word_1_74' title='bbox 1645 805 1696 825; x_wconf 84' lang='lat' dir='ltr'><em>suo</em></span> <span class='ocrx_word' id='word_1_75' title='bbox 1714 797 1750 825; x_wconf 86' lang='lat' dir='ltr'><em>de</em></span> <span class='ocrx_word' id='word_1_76' title='bbox 1763 797 1903 826; x_wconf 83' lang='lat' dir='ltr'><em>concilia-</em></span> 
     </span>
     <span class='ocr_line' id='line_1_8' title="bbox 198 849 1897 889; baseline -0.001 -9"><span class='ocrx_word' id='word_1_77' title='bbox 198 854 275 881; x_wconf 85' lang='lat' dir='ltr'><em>tione</em></span> <span class='ocrx_word' id='word_1_78' title='bbox 298 851 433 880; x_wconf 86' lang='lat' dir='ltr'><em>ecclesiae</em></span> <span class='ocrx_word' id='word_1_79' title='bbox 449 859 588 880; x_wconf 84' lang='lat' dir='ltr'><em>armenae</em></span> <span class='ocrx_word' id='word_1_80' title='bbox 606 860 671 880; x_wconf 88' lang='lat' dir='ltr'><em>cum</em></span> <span class='ocrx_word' id='word_1_81' title='bbox 695 860 816 880; x_wconf 86' lang='lat' dir='ltr'><em>romana</em></span> <span class='ocrx_word' id='word_1_82' title='bbox 832 859 919 889; x_wconf 86' lang='lat' dir='ltr'><em>opere</em></span> <span class='ocrx_word' id='word_1_83' title='bbox 938 851 972 879; x_wconf 88' lang='lat' dir='ltr'><em>T.</em></span> <span class='ocrx_word' id='word_1_84' title='bbox 989 849 1054 879; x_wconf 92' lang='lat' dir='ltr'><em>III.</em></span> <span class='ocrx_word' id='word_1_85' title='bbox 1068 859 1106 887; x_wconf 89' lang='lat' dir='ltr'><em>p.</em></span> <span class='ocrx_word' id='word_1_86' title='bbox 1127 849 1167 880; x_wconf 88' lang='grc'><em>77</em></span> <span class='ocrx_word' id='word_1_87' title='bbox 1180 873 1187 887; x_wconf 87' lang='lat'><em>‚</em></span> <span class='ocrx_word' id='word_1_88' title='bbox 1208 858 1247 878; x_wconf 75' lang='lat' dir='ltr'><em>ea:</em></span> <span class='ocrx_word' id='word_1_89' title='bbox 1264 850 1470 878; x_wconf 68' lang='lat' dir='ltr'><em>Armeniorum</em></span> <span class='ocrx_word' id='word_1_90' title='bbox 1486 849 1668 887; x_wconf 72' lang='lat' dir='ltr'><em>menoloqio;</em></span> <span class='ocrx_word' id='word_1_91' title='bbox 1686 852 1769 878; x_wconf 86' lang='lat' dir='ltr'><em>cuius</em></span> <span class='ocrx_word' id='word_1_92' title='bbox 1792 851 1897 886; x_wconf 72' lang='lat' dir='ltr'><em>rerba,</em></span> 
     </span>
     <span class='ocr_line' id='line_1_9' title="bbox 196 903 1903 942; baseline -0.001 -8"><span class='ocrx_word' id='word_1_93' title='bbox 196 907 251 934; x_wconf 84' lang='lat' dir='ltr'><em>etsi</em></span> <span class='ocrx_word' id='word_1_94' title='bbox 266 905 453 942; x_wconf 82' lang='lat' dir='ltr'><em>aliquantum</em></span> <span class='ocrx_word' id='word_1_95' title='bbox 470 905 613 942; x_wconf 74' lang='lat' dir='ltr'><em>prolioea,</em></span> <span class='ocrx_word' id='word_1_96' title='bbox 633 913 711 934; x_wconf 78' lang='lat' dir='ltr'><em>nunc</em></span> <span class='ocrx_word' id='word_1_97' title='bbox 728 907 852 934; x_wconf 88' lang='lat' dir='ltr'><em>recitare</em></span> <span class='ocrx_word' id='word_1_98' title='bbox 867 912 980 934; x_wconf 87' lang='lat' dir='ltr'><em>necesse</em></span> <span class='ocrx_word' id='word_1_99' title='bbox 997 906 1050 932; x_wconf 88' lang='lat' dir='ltr'><em>est.</em></span> <span class='ocrx_word' id='word_1_100' title='bbox 1076 916 1088 928; x_wconf 87' lang='lat'>«</span> <span class='ocrx_word' id='word_1_101' title='bbox 1110 903 1275 941; x_wconf 72' lang='lat' dir='ltr'><em>Stephanus</em></span> <span class='ocrx_word' id='word_1_102' title='bbox 1289 903 1445 932; x_wconf 79' lang='lat' dir='ltr'><em>se&#39;unz&#39;ensis</em></span> <span class='ocrx_word' id='word_1_103' title='bbox 1462 903 1614 941; x_wconf 87' lang='lat' dir='ltr'><em>episcopus</em></span> <span class='ocrx_word' id='word_1_104' title='bbox 1635 903 1676 932; x_wconf 89' lang='lat' dir='ltr'><em>ad</em></span> <span class='ocrx_word' id='word_1_105' title='bbox 1694 904 1818 932; x_wconf 81' lang='lat' dir='ltr'><em>Graecos</em></span> <span class='ocrx_word' id='word_1_106' title='bbox 1829 913 1903 942; x_wconf 88' lang='lat' dir='ltr'><em>pro-</em></span> 
     </span>
     <span class='ocr_line' id='line_1_10' title="bbox 201 956 1903 995; baseline -0.001 -9"><span class='ocrx_word' id='word_1_107' title='bbox 201 971 214 983; x_wconf 77' lang='lat'><strong>»</strong></span> <span class='ocrx_word' id='word_1_108' title='bbox 234 956 349 995; x_wconf 86' lang='lat' dir='ltr'><em>sectus,</em></span> <span class='ocrx_word' id='word_1_109' title='bbox 370 957 473 987; x_wconf 79' lang='lat' dir='ltr'><em>attulit</em></span> <span class='ocrx_word' id='word_1_110' title='bbox 493 957 562 986; x_wconf 82' lang='lat' dir='ltr'><em>inde</em></span> <span class='ocrx_word' id='word_1_111' title='bbox 584 966 681 987; x_wconf 86' lang='lat' dir='ltr'><em>secum</em></span> <span class='ocrx_word' id='word_1_112' title='bbox 705 961 764 986; x_wconf 87' lang='lat' dir='ltr'><em>tres</em></span> <span class='ocrx_word' id='word_1_113' title='bbox 788 958 894 995; x_wconf 85' lang='lat' dir='ltr'><em>libros,</em></span> <span class='ocrx_word' id='word_1_114' title='bbox 916 958 968 995; x_wconf 84' lang='lat' dir='ltr'><em>qui</em></span> <span class='ocrx_word' id='word_1_115' title='bbox 983 957 1061 994; x_wconf 82' lang='lat' dir='ltr'><em>fidei</em></span> <span class='ocrx_word' id='word_1_116' title='bbox 1082 958 1235 986; x_wconf 80' lang='lat' dir='ltr'><em>veritatem</em></span> <span class='ocrx_word' id='word_1_117' title='bbox 1258 956 1458 994; x_wconf 77' lang='lat' dir='ltr'><em>explicabant.</em></span> <span class='ocrx_word' id='word_1_118' title='bbox 1484 957 1580 985; x_wconf 88' lang='lat' dir='ltr'><em>Porro</em></span> <span class='ocrx_word' id='word_1_119' title='bbox 1602 959 1719 985; x_wconf 86' lang='lat' dir='ltr'><em>sanctus</em></span> <span class='ocrx_word' id='word_1_120' title='bbox 1742 956 1903 986; x_wconf 71' lang='lat' dir='ltr'><em>Gemnanus</em></span> 
     </span>
     <span class='ocr_line' id='line_1_11' title="bbox 201 1009 1903 1049; baseline -0.001 -9"><span class='ocrx_word' id='word_1_121' title='bbox 201 1024 214 1036; x_wconf 87' lang='lat'>»</span> <span class='ocrx_word' id='word_1_122' title='bbox 242 1010 529 1049; x_wconf 86' lang='lat' dir='ltr'><em>Constantinopoleos</em></span> <span class='ocrx_word' id='word_1_123' title='bbox 547 1010 725 1048; x_wconf 84' lang='lat' dir='ltr'><em>patriarcha</em></span> <span class='ocrx_word' id='word_1_124' title='bbox 741 1011 894 1049; x_wconf 86' lang='lat' dir='ltr'><em>epistolam</em></span> <span class='ocrx_word' id='word_1_125' title='bbox 911 1011 1061 1040; x_wconf 85' lang='lat' dir='ltr'><em>Armeniis</em></span> <span class='ocrx_word' id='word_1_126' title='bbox 1076 1010 1250 1047; x_wconf 75' lang='lat' dir='ltr'><em>destinavit,</em></span> <span class='ocrx_word' id='word_1_127' title='bbox 1268 1018 1325 1047; x_wconf 87' lang='lat' dir='ltr'><em>per</em></span> <span class='ocrx_word' id='word_1_128' title='bbox 1347 1018 1435 1048; x_wconf 78' lang='lat' dir='ltr'><em>quam</em></span> <span class='ocrx_word' id='word_1_129' title='bbox 1449 1011 1492 1038; x_wconf 84' lang='lat' dir='ltr'><em>ita</em></span> <span class='ocrx_word' id='word_1_130' title='bbox 1508 1018 1555 1038; x_wconf 80' lang='lat' dir='ltr'><em>eos</em></span> <span class='ocrx_word' id='word_1_131' title='bbox 1572 1009 1724 1039; x_wconf 85' lang='lat' dir='ltr'><em>monebat:</em></span> <span class='ocrx_word' id='word_1_132' title='bbox 1748 1019 1840 1048; x_wconf 82' lang='lat' dir='ltr'><em>quare</em></span> <span class='ocrx_word' id='word_1_133' title='bbox 1854 1019 1903 1039; x_wconf 78' lang='lat' dir='ltr'><em>ros</em></span> 
     </span>
     <span class='ocr_line' id='line_1_12' title="bbox 201 1063 1900 1101; baseline -0.001 -8"><span class='ocrx_word' id='word_1_134' title='bbox 201 1077 214 1088; x_wconf 77' lang='grc' dir='ltr'>υ</span> <span class='ocrx_word' id='word_1_135' title='bbox 240 1073 298 1093; x_wconf 88' lang='lat' dir='ltr'><em>non</em></span> <span class='ocrx_word' id='word_1_136' title='bbox 321 1063 457 1093; x_wconf 85' lang='lat' dir='ltr'><em>adseritis</em></span> <span class='ocrx_word' id='word_1_137' title='bbox 472 1063 547 1092; x_wconf 90' lang='lat' dir='ltr'><em>duas</em></span> <span class='ocrx_word' id='word_1_138' title='bbox 569 1065 601 1092; x_wconf 86' lang='lat' dir='ltr'><em>in</em></span> <span class='ocrx_word' id='word_1_139' title='bbox 620 1063 735 1093; x_wconf 84' lang='lat' dir='ltr'><em>Christo</em></span> <span class='ocrx_word' id='word_1_140' title='bbox 752 1067 891 1101; x_wconf 87' lang='lat' dir='ltr'><em>naturas,</em></span> <span class='ocrx_word' id='word_1_141' title='bbox 912 1073 965 1093; x_wconf 87' lang='lat' dir='ltr'><em>nec</em></span> <span class='ocrx_word' id='word_1_142' title='bbox 987 1063 1214 1094; x_wconf 71' lang='lat' dir='ltr'><em>chalcedonense</em></span> <span class='ocrx_word' id='word_1_143' title='bbox 1235 1063 1391 1092; x_wconf 87' lang='lat' dir='ltr'><em>concilium</em></span> <span class='ocrx_word' id='word_1_144' title='bbox 1414 1063 1567 1101; x_wconf 75' lang='lat' dir='ltr'><em>recipitis?</em></span> <span class='ocrx_word' id='word_1_145' title='bbox 1588 1063 1670 1092; x_wconf 85' lang='lat' dir='ltr'><em>Haec</em></span> <span class='ocrx_word' id='word_1_146' title='bbox 1686 1063 1802 1101; x_wconf 79' lang='lat' dir='ltr'><em>quidem</em></span> <span class='ocrx_word' id='word_1_147' title='bbox 1825 1066 1900 1092; x_wconf 78' lang='lat' dir='ltr'><em>scri-</em></span> 
     </span>
     <span class='ocr_line' id='line_1_13' title="bbox 201 1115 1903 1155; baseline 0 -10"><span class='ocrx_word' id='word_1_148' title='bbox 201 1130 213 1141; x_wconf 77' lang='lat' dir='ltr'><em>n</em></span> <span class='ocrx_word' id='word_1_149' title='bbox 235 1119 315 1155; x_wconf 83' lang='lat' dir='ltr'><em>psit,</em></span> <span class='ocrx_word' id='word_1_150' title='bbox 335 1120 363 1146; x_wconf 90' lang='lat' dir='ltr'><em>et</em></span> <span class='ocrx_word' id='word_1_151' title='bbox 383 1125 440 1154; x_wconf 89' lang='lat' dir='ltr'><em>per</em></span> <span class='ocrx_word' id='word_1_152' title='bbox 460 1115 643 1154; x_wconf 72' lang='lat' dir='ltr'><em>Stephanum</em></span> <span class='ocrx_word' id='word_1_153' title='bbox 663 1117 745 1146; x_wconf 84' lang='lat' dir='ltr'><em>misit</em></span> <span class='ocrx_word' id='word_1_154' title='bbox 765 1116 807 1146; x_wconf 88' lang='lat' dir='ltr'><em>ad</em></span> <span class='ocrx_word' id='word_1_155' title='bbox 823 1117 989 1146; x_wconf 87' lang='lat' dir='ltr'><em>Armenios.</em></span> <span class='ocrx_word' id='word_1_156' title='bbox 1016 1117 1053 1146; x_wconf 73' lang='lat' dir='ltr'><em>L‘t</em></span> <span class='ocrx_word' id='word_1_157' title='bbox 1068 1126 1136 1146; x_wconf 79' lang='lat' dir='ltr'><em>vero</em></span> <span class='ocrx_word' id='word_1_158' title='bbox 1155 1116 1295 1155; x_wconf 73' lang='lat' dir='ltr'><em>peri-enit</em></span> <span class='ocrx_word' id='word_1_159' title='bbox 1309 1116 1473 1154; x_wconf 79' lang='lat' dir='ltr'><em>Stephanus</em></span> <span class='ocrx_word' id='word_1_160' title='bbox 1491 1116 1532 1145; x_wconf 90' lang='lat' dir='ltr'><em>ad</em></span> <span class='ocrx_word' id='word_1_161' title='bbox 1548 1115 1733 1154; x_wconf 81' lang='lat' dir='ltr'><em>Papchenem</em></span> <span class='ocrx_word' id='word_1_162' title='bbox 1752 1117 1903 1146; x_wconf 81' lang='lat' dir='ltr'><em>Armenio—</em></span> 
     </span>
     <span class='ocr_line' id='line_1_14' title="bbox 200 1168 1904 1208; baseline -0.001 -9"><span class='ocrx_word' id='word_1_163' title='bbox 200 1182 214 1194; x_wconf 72' lang='lat'>»</span> <span class='ocrx_word' id='word_1_164' title='bbox 240 1178 308 1199; x_wconf 86' lang='lat' dir='ltr'><em>rum</em></span> <span class='ocrx_word' id='word_1_165' title='bbox 329 1168 548 1207; x_wconf 74' lang='lat' dir='ltr'><em>patriarcham,</em></span> <span class='ocrx_word' id='word_1_166' title='bbox 570 1169 697 1198; x_wconf 78' lang='lat' dir='ltr'><em>ostendit</em></span> <span class='ocrx_word' id='word_1_167' title='bbox 719 1172 747 1198; x_wconf 85' lang='lat' dir='ltr'><em>ei</em></span> <span class='ocrx_word' id='word_1_168' title='bbox 771 1170 914 1199; x_wconf 81' lang='lat' dir='ltr'><em>Germani</em></span> <span class='ocrx_word' id='word_1_169' title='bbox 937 1170 1070 1208; x_wconf 87' lang='lat' dir='ltr'><em>litteras,·</em></span> <span class='ocrx_word' id='word_1_170' title='bbox 1092 1170 1198 1208; x_wconf 85' lang='lat' dir='ltr'><em>quibus</em></span> <span class='ocrx_word' id='word_1_171' title='bbox 1221 1170 1319 1206; x_wconf 85' lang='lat' dir='ltr'><em>lectis,</em></span> <span class='ocrx_word' id='word_1_172' title='bbox 1346 1171 1499 1207; x_wconf 84' lang='lat' dir='ltr'><em>praecepit</em></span> <span class='ocrx_word' id='word_1_173' title='bbox 1519 1171 1577 1206; x_wconf 86' lang='lat' dir='ltr'><em>ipsi</em></span> <span class='ocrx_word' id='word_1_174' title='bbox 1601 1168 1747 1207; x_wconf 75' lang='lat' dir='ltr'><em>Stephano</em></span> <span class='ocrx_word' id='word_1_175' title='bbox 1770 1170 1904 1198; x_wconf 70' lang='lat' dir='ltr'><em>(boninus</em></span> 
     </span>
     <span class='ocr_line' id='line_1_15' title="bbox 201 1221 1904 1261; baseline -0.001 -10"><span class='ocrx_word' id='word_1_176' title='bbox 201 1235 213 1247; x_wconf 80' lang='grc' dir='ltr'><strong>υ</strong></span> <span class='ocrx_word' id='word_1_177' title='bbox 240 1222 398 1260; x_wconf 83' lang='lat' dir='ltr'><em>Papehen,</em></span> <span class='ocrx_word' id='word_1_178' title='bbox 419 1225 452 1251; x_wconf 89' lang='lat' dir='ltr'><em>ut</em></span> <span class='ocrx_word' id='word_1_179' title='bbox 469 1222 611 1251; x_wconf 74' lang='lat' dir='ltr'><em>Germani</em></span> <span class='ocrx_word' id='word_1_180' title='bbox 628 1223 734 1252; x_wconf 86' lang='lat' dir='ltr'><em>litteris</em></span> <span class='ocrx_word' id='word_1_181' title='bbox 751 1223 956 1260; x_wconf 78' lang='lat' dir='ltr'><em>responderet,</em></span> <span class='ocrx_word' id='word_1_182' title='bbox 978 1225 1008 1252; x_wconf 88' lang='lat' dir='ltr'><em>et</em></span> <span class='ocrx_word' id='word_1_183' title='bbox 1023 1224 1141 1261; x_wconf 74' lang='lat' dir='ltr'><em>scripsit</em></span> <span class='ocrx_word' id='word_1_184' title='bbox 1155 1224 1203 1252; x_wconf 71' lang='lat' dir='ltr'><em>‘cir</em></span> <span class='ocrx_word' id='word_1_185' title='bbox 1219 1222 1434 1252; x_wconf 84' lang='lat' dir='ltr'><em>eruditissimus</em></span> <span class='ocrx_word' id='word_1_186' title='bbox 1449 1221 1628 1260; x_wconf 83' lang='lat' dir='ltr'><em>Stephanus,</em></span> <span class='ocrx_word' id='word_1_187' title='bbox 1650 1224 1852 1260; x_wconf 79' lang='lat' dir='ltr'><em>compositione</em></span> <span class='ocrx_word' id='word_1_188' title='bbox 1869 1232 1904 1251; x_wconf 80' lang='lat' dir='ltr'><em>ac</em></span> 
     </span>
     <span class='ocr_line' id='line_1_16' title="bbox 201 1275 1901 1313; baseline 0.001 -10"><span class='ocrx_word' id='word_1_189' title='bbox 201 1288 213 1299; x_wconf 70' lang='grc' dir='ltr'><em>»ι</em></span> <span class='ocrx_word' id='word_1_190' title='bbox 240 1275 342 1304; x_wconf 86' lang='lat' dir='ltr'><em>ordine</em></span> <span class='ocrx_word' id='word_1_191' title='bbox 365 1275 484 1313; x_wconf 80' lang='lat' dir='ltr'><em>quidem</em></span> <span class='ocrx_word' id='word_1_192' title='bbox 501 1277 696 1313; x_wconf 75' lang='lat' dir='ltr'><em>pereqreqio,</em></span> <span class='ocrx_word' id='word_1_193' title='bbox 713 1276 864 1313; x_wconf 87' lang='lat' dir='ltr'><em>plurimas</em></span> <span class='ocrx_word' id='word_1_194' title='bbox 879 1284 1034 1304; x_wconf 83' lang='lat' dir='ltr'><em>sacrarum</em></span> <span class='ocrx_word' id='word_1_195' title='bbox 1056 1277 1273 1313; x_wconf 86' lang='lat' dir='ltr'><em>scripturarum</em></span> <span class='ocrx_word' id='word_1_196' title='bbox 1287 1278 1317 1305; x_wconf 87' lang='lat' dir='ltr'><em>ct</em></span> <span class='ocrx_word' id='word_1_197' title='bbox 1332 1277 1497 1304; x_wconf 86' lang='lat' dir='ltr'><em>sanctorum</em></span> <span class='ocrx_word' id='word_1_198' title='bbox 1515 1277 1640 1313; x_wconf 87' lang='lat' dir='ltr'><em>patrum</em></span> <span class='ocrx_word' id='word_1_199' title='bbox 1657 1277 1813 1305; x_wconf 87' lang='lat' dir='ltr'><em>sententias</em></span> <span class='ocrx_word' id='word_1_200' title='bbox 1830 1284 1901 1304; x_wconf 90' lang='lat' dir='ltr'><em>con-</em></span> 
     </span>
     <span class='ocr_line' id='line_1_17' title="bbox 202 1327 1902 1367; baseline 0.001 -10"><span class='ocrx_word' id='word_1_201' title='bbox 202 1342 214 1352; x_wconf 90' lang='lat'><em>·›</em></span> <span class='ocrx_word' id='word_1_202' title='bbox 233 1328 382 1365; x_wconf 87' lang='lat' dir='ltr'><em>firmandi</em></span> <span class='ocrx_word' id='word_1_203' title='bbox 403 1337 492 1357; x_wconf 85' lang='lat' dir='ltr'><em>causa</em></span> <span class='ocrx_word' id='word_1_204' title='bbox 508 1328 662 1366; x_wconf 73' lang='lat' dir='ltr'><em>alleqans:</em></span> <span class='ocrx_word' id='word_1_205' title='bbox 682 1337 757 1366; x_wconf 81' lang='lat' dir='ltr'><em>quae</em></span> <span class='ocrx_word' id='word_1_206' title='bbox 771 1330 870 1358; x_wconf 87' lang='lat' dir='ltr'><em>omnia</em></span> <span class='ocrx_word' id='word_1_207' title='bbox 886 1329 940 1357; x_wconf 86' lang='lat' dir='ltr'><em>ubi</em></span> <span class='ocrx_word' id='word_1_208' title='bbox 962 1329 1101 1366; x_wconf 75' lang='lat' dir='ltr'><em>leqerunt</em></span> <span class='ocrx_word' id='word_1_209' title='bbox 1118 1328 1296 1358; x_wconf 84' lang='lat' dir='ltr'><em>Graecorum</em></span> <span class='ocrx_word' id='word_1_210' title='bbox 1312 1330 1472 1367; x_wconf 75' lang='lat' dir='ltr'><em>sapientes,</em></span> <span class='ocrx_word' id='word_1_211' title='bbox 1494 1327 1571 1357; x_wconf 74' lang='lat' dir='ltr'><em>hisce</em></span> <span class='ocrx_word' id='word_1_212' title='bbox 1591 1330 1707 1367; x_wconf 86' lang='lat' dir='ltr'><em>scriptis</em></span> <span class='ocrx_word' id='word_1_213' title='bbox 1723 1330 1902 1358; x_wconf 81' lang='lat' dir='ltr'><em>consentien-</em></span> 
     </span>
     <span class='ocr_line' id='line_1_18' title="bbox 201 1381 1595 1420; baseline 0 -10"><span class='ocrx_word' id='word_1_214' title='bbox 201 1395 214 1406; x_wconf 69' lang='grc' dir='ltr'><strong>υ</strong></span> <span class='ocrx_word' id='word_1_215' title='bbox 241 1384 296 1418; x_wconf 88' lang='lat' dir='ltr'><em>tes,</em></span> <span class='ocrx_word' id='word_1_216' title='bbox 318 1390 418 1411; x_wconf 71' lang='lat' dir='ltr'><em>veram</em></span> <span class='ocrx_word' id='word_1_217' title='bbox 442 1384 608 1419; x_wconf 87' lang='lat' dir='ltr'><em>rectamque</em></span> <span class='ocrx_word' id='word_1_218' title='bbox 630 1382 839 1411; x_wconf 81' lang='lat' dir='ltr'><em>Armeniorum</em></span> <span class='ocrx_word' id='word_1_219' title='bbox 853 1381 950 1419; x_wconf 85' lang='lat' dir='ltr'><em>fidem</em></span> <span class='ocrx_word' id='word_1_220' title='bbox 972 1381 1145 1420; x_wconf 83' lang='lat' dir='ltr'><em>haeresique</em></span> <span class='ocrx_word' id='word_1_221' title='bbox 1168 1382 1326 1411; x_wconf 79' lang='lat' dir='ltr'><em>inununem</em></span> <span class='ocrx_word' id='word_1_222' title='bbox 1349 1381 1557 1411; x_wconf 78' lang='lat' dir='ltr'><em>laudaverunt.</em></span> <span class='ocrx_word' id='word_1_223' title='bbox 1583 1395 1595 1406; x_wconf 85' lang='lat'>»</span> 
     </span>
    </p>

    <p class='ocr_par' dir='ltr' id='par_1_4' title="bbox 191 1433 1904 2483">
     <span class='ocr_line' id='line_1_19' title="bbox 284 1433 1903 1473; baseline 0.001 -10"><span class='ocrx_word' id='word_1_224' title='bbox 284 1435 392 1472; x_wconf 69' lang='lat' dir='ltr'><em>Perqit</em></span> <span class='ocrx_word' id='word_1_225' title='bbox 402 1443 439 1472; x_wconf 84' lang='lat' dir='ltr'><em>p.</em></span> <span class='ocrx_word' id='word_1_226' title='bbox 458 1433 511 1464; x_wconf 89' lang='grc'><em>79.</em></span> <span class='ocrx_word' id='word_1_227' title='bbox 532 1433 630 1463; x_wconf 84' lang='lat' dir='ltr'><em>dicere</em></span> <span class='ocrx_word' id='word_1_228' title='bbox 648 1434 796 1472; x_wconf 85' lang='lat' dir='ltr'><em>Galanus,</em></span> <span class='ocrx_word' id='word_1_229' title='bbox 819 1438 889 1464; x_wconf 83' lang='lat' dir='ltr'><em>teste</em></span> <span class='ocrx_word' id='word_1_230' title='bbox 912 1436 1086 1472; x_wconf 76' lang='lat' dir='ltr'><em>qravissimo</em></span> <span class='ocrx_word' id='word_1_231' title='bbox 1108 1438 1192 1464; x_wconf 83' lang='lat' dir='ltr'><em>utens</em></span> <span class='ocrx_word' id='word_1_232' title='bbox 1214 1435 1334 1464; x_wconf 79' lang='lat' dir='ltr'><em>Nersete</em></span> <span class='ocrx_word' id='word_1_233' title='bbox 1352 1435 1576 1472; x_wconf 86' lang='lat' dir='ltr'><em>lampronicnsi,</em></span> <span class='ocrx_word' id='word_1_234' title='bbox 1599 1435 1766 1473; x_wconf 72' lang='lat' dir='ltr'><em>reliqiosam</em></span> <span class='ocrx_word' id='word_1_235' title='bbox 1783 1445 1814 1464; x_wconf 84' lang='lat' dir='ltr'><em>eo</em></span> <span class='ocrx_word' id='word_1_236' title='bbox 1832 1438 1903 1465; x_wconf 87' lang='lat' dir='ltr'><em>tem-</em></span> 
     </span>
     <span class='ocr_line' id='line_1_20' title="bbox 191 1487 1898 1526; baseline 0 -9"><span class='ocrx_word' id='word_1_237' title='bbox 191 1497 267 1526; x_wconf 90' lang='lat' dir='ltr'><em>pore</em></span> <span class='ocrx_word' id='word_1_238' title='bbox 292 1496 394 1526; x_wconf 81' lang='lat' dir='ltr'><em>pacem</em></span> <span class='ocrx_word' id='word_1_239' title='bbox 417 1487 472 1516; x_wconf 90' lang='lat' dir='ltr'><em>sub</em></span> <span class='ocrx_word' id='word_1_240' title='bbox 494 1487 659 1525; x_wconf 87' lang='lat' dir='ltr'><em>praedictis</em></span> <span class='ocrx_word' id='word_1_241' title='bbox 688 1487 867 1517; x_wconf 90' lang='lat' dir='ltr'><em>Graecorum</em></span> <span class='ocrx_word' id='word_1_242' title='bbox 889 1491 918 1517; x_wconf 91' lang='lat' dir='ltr'><em>et</em></span> <span class='ocrx_word' id='word_1_243' title='bbox 940 1488 1151 1517; x_wconf 75' lang='lat' dir='ltr'><em>Armeniorum</em></span> <span class='ocrx_word' id='word_1_244' title='bbox 1174 1487 1356 1526; x_wconf 71' lang='lat' dir='ltr'><em>patriarches</em></span> <span class='ocrx_word' id='word_1_245' title='bbox 1382 1490 1460 1517; x_wconf 84' lang='lat' dir='ltr'><em>inter</em></span> <span class='ocrx_word' id='word_1_246' title='bbox 1486 1487 1560 1517; x_wconf 75' lang='lat' dir='ltr'><em>‹Izazs</em></span> <span class='ocrx_word' id='word_1_247' title='bbox 1587 1488 1721 1518; x_wconf 88' lang='lat' dir='ltr'><em>eeclesias</em></span> <span class='ocrx_word' id='word_1_248' title='bbox 1747 1489 1898 1517; x_wconf 77' lang='lat' dir='ltr'><em>coaluisse.</em></span> 
     </span>
     <span class='ocr_line' id='line_1_21' title="bbox 196 1541 1902 1580; baseline 0 -9"><span class='ocrx_word' id='word_1_249' title='bbox 196 1541 384 1580; x_wconf 83' lang='lat' dir='ltr'><em>Papchenem</em></span> <span class='ocrx_word' id='word_1_250' title='bbox 407 1545 503 1570; x_wconf 89' lang='lat' dir='ltr'><em>tamen</em></span> <span class='ocrx_word' id='word_1_251' title='bbox 525 1541 744 1579; x_wconf 79' lang='lat' dir='ltr'><em>patriarcham,</em></span> <span class='ocrx_word' id='word_1_252' title='bbox 762 1551 821 1580; x_wconf 89' lang='lat' dir='ltr'><em>pro</em></span> <span class='ocrx_word' id='word_1_253' title='bbox 839 1541 971 1571; x_wconf 85' lang='lat' dir='ltr'><em>Iohanne</em></span> <span class='ocrx_word' id='word_1_254' title='bbox 994 1542 1149 1580; x_wconf 62' lang='lat' dir='ltr'><em>osmensi,</em></span> <span class='ocrx_word' id='word_1_255' title='bbox 1168 1543 1200 1571; x_wconf 89' lang='lat' dir='ltr'><em>in</em></span> <span class='ocrx_word' id='word_1_256' title='bbox 1222 1543 1384 1580; x_wconf 73' lang='lat' dir='ltr'><em>menoloqio</em></span> <span class='ocrx_word' id='word_1_257' title='bbox 1401 1545 1505 1571; x_wconf 87' lang='lat' dir='ltr'><em>temere</em></span> <span class='ocrx_word' id='word_1_258' title='bbox 1521 1541 1618 1579; x_wconf 83' lang='lat' dir='ltr'><em>fuisse</em></span> <span class='ocrx_word' id='word_1_259' title='bbox 1639 1544 1796 1580; x_wconf 84' lang='lat' dir='ltr'><em>scriplum,</em></span> <span class='ocrx_word' id='word_1_260' title='bbox 1817 1542 1902 1580; x_wconf 66' lang='lat' dir='ltr'><em>lonqc</em></span> 
     </span>
     <span class='ocr_line' id='line_1_22' title="bbox 194 1593 1899 1633; baseline 0.001 -11"><span class='ocrx_word' id='word_1_261' title='bbox 194 1593 319 1631; x_wconf 79' lang='lat' dir='ltr'><em>facilius</em></span> <span class='ocrx_word' id='word_1_262' title='bbox 337 1602 390 1631; x_wconf 74' lang='lat' dir='ltr'><em>eqo</em></span> <span class='ocrx_word' id='word_1_263' title='bbox 403 1593 597 1631; x_wconf 82' lang='lat' dir='ltr'><em>crediderim,</em></span> <span class='ocrx_word' id='word_1_264' title='bbox 616 1602 704 1631; x_wconf 77' lang='lat' dir='ltr'><em>quam</em></span> <span class='ocrx_word' id='word_1_265' title='bbox 721 1594 758 1623; x_wconf 87' lang='lat' dir='ltr'><em>de</em></span> <span class='ocrx_word' id='word_1_266' title='bbox 775 1594 906 1632; x_wconf 80' lang='lat' dir='ltr'><em>duplici,</em></span> <span class='ocrx_word' id='word_1_267' title='bbox 924 1596 976 1632; x_wconf 83' lang='lat' dir='ltr'><em>qui</em></span> <span class='ocrx_word' id='word_1_268' title='bbox 991 1603 1153 1633; x_wconf 84' lang='lat' dir='ltr'><em>numquam</em></span> <span class='ocrx_word' id='word_1_269' title='bbox 1167 1595 1287 1624; x_wconf 80' lang='lat' dir='ltr'><em>auditus</em></span> <span class='ocrx_word' id='word_1_270' title='bbox 1303 1597 1359 1632; x_wconf 88' lang='lat' dir='ltr'><em>est,</em></span> <span class='ocrx_word' id='word_1_271' title='bbox 1378 1594 1534 1632; x_wconf 87' lang='lat' dir='ltr'><em>Papchene</em></span> <span class='ocrx_word' id='word_1_272' title='bbox 1549 1603 1614 1624; x_wconf 84' lang='lat' dir='ltr'><em>cum</em></span> <span class='ocrx_word' id='word_1_273' title='bbox 1631 1595 1743 1624; x_wconf 83' lang='lat' dir='ltr'><em>Gaiano</em></span> <span class='ocrx_word' id='word_1_274' title='bbox 1756 1595 1899 1632; x_wconf 84' lang='lat' dir='ltr'><em>suspicer.</em></span> 
     </span>
     <span class='ocr_line' id='line_1_23' title="bbox 195 1646 1901 1686; baseline -0.001 -9"><span class='ocrx_word' id='word_1_275' title='bbox 195 1648 238 1677; x_wconf 85' lang='lat' dir='ltr'><em>Re</em></span> <span class='ocrx_word' id='word_1_276' title='bbox 260 1647 380 1685; x_wconf 83' lang='lat' dir='ltr'><em>quidem</em></span> <span class='ocrx_word' id='word_1_277' title='bbox 402 1655 472 1676; x_wconf 75' lang='lat' dir='ltr'><em>cera</em></span> <span class='ocrx_word' id='word_1_278' title='bbox 495 1646 657 1676; x_wconf 83' lang='lat' dir='ltr'><em>Iohannem</em></span> <span class='ocrx_word' id='word_1_279' title='bbox 679 1649 861 1684; x_wconf 71' lang='lat' dir='ltr'><em>ozniensem,</em></span> <span class='ocrx_word' id='word_1_280' title='bbox 881 1656 939 1676; x_wconf 87' lang='lat' dir='ltr'><em>non</em></span> <span class='ocrx_word' id='word_1_281' title='bbox 962 1646 1166 1685; x_wconf 87' lang='lat' dir='ltr'><em>Papehcnem,</em></span> <span class='ocrx_word' id='word_1_282' title='bbox 1191 1648 1435 1686; x_wconf 85' lang='lat' dir='ltr'><em>contemporalem</em></span> <span class='ocrx_word' id='word_1_283' title='bbox 1457 1656 1523 1676; x_wconf 87' lang='lat' dir='ltr'><em>cum</em></span> <span class='ocrx_word' id='word_1_284' title='bbox 1547 1647 1691 1677; x_wconf 86' lang='lat' dir='ltr'><em>Germano</em></span> <span class='ocrx_word' id='word_1_285' title='bbox 1710 1647 1901 1686; x_wconf 85' lang='lat' dir='ltr'><em>patriarcha-</em></span> 
     </span>
     <span class='ocr_line' id='line_1_24' title="bbox 197 1698 1902 1739; baseline 0 -10"><span class='ocrx_word' id='word_1_286' title='bbox 197 1704 259 1729; x_wconf 88' lang='lat' dir='ltr'><em>tum</em></span> <span class='ocrx_word' id='word_1_287' title='bbox 276 1700 412 1738; x_wconf 70' lang='lat' dir='ltr'><em>ssessisse,</em></span> <span class='ocrx_word' id='word_1_288' title='bbox 430 1698 507 1737; x_wconf 84' lang='lat' dir='ltr'><em>fasti</em></span> <span class='ocrx_word' id='word_1_289' title='bbox 520 1699 728 1728; x_wconf 83' lang='lat' dir='ltr'><em>Armeniorum</em></span> <span class='ocrx_word' id='word_1_290' title='bbox 743 1702 897 1729; x_wconf 85' lang='lat' dir='ltr'><em>certissimi</em></span> <span class='ocrx_word' id='word_1_291' title='bbox 913 1700 1027 1730; x_wconf 82' lang='lat' dir='ltr'><em>docent.</em></span> <span class='ocrx_word' id='word_1_292' title='bbox 1046 1700 1221 1738; x_wconf 84' lang='lat' dir='ltr'><em>(Serposius</em></span> <span class='ocrx_word' id='word_1_293' title='bbox 1237 1700 1389 1738; x_wconf 88' lang='lat' dir='ltr'><em>compend.</em></span> <span class='ocrx_word' id='word_1_294' title='bbox 1405 1700 1473 1730; x_wconf 87' lang='lat' dir='ltr'><em>hist.</em></span> <span class='ocrx_word' id='word_1_295' title='bbox 1495 1701 1528 1731; x_wconf 95' lang='lat' dir='ltr'><em>T.</em></span> <span class='ocrx_word' id='word_1_296' title='bbox 1544 1701 1592 1730; x_wconf 93' lang='lat' dir='ltr'><em>II.</em></span> <span class='ocrx_word' id='word_1_297' title='bbox 1608 1710 1644 1739; x_wconf 90' lang='lat' dir='ltr'><em>p.</em></span> <span class='ocrx_word' id='word_1_298' title='bbox 1661 1700 1740 1738; x_wconf 80' lang='lat'><em>41.)</em></span> <span class='ocrx_word' id='word_1_299' title='bbox 1753 1700 1811 1730; x_wconf 86' lang='lat' dir='ltr'><em>Sed</em></span> <span class='ocrx_word' id='word_1_300' title='bbox 1826 1703 1902 1730; x_wconf 88' lang='lat' dir='ltr'><em>enim</em></span> 
     </span>
     <span class='ocr_line' id='line_1_25' title="bbox 195 1752 1904 1792; baseline 0 -10"><span class='ocrx_word' id='word_1_301' title='bbox 195 1753 327 1791; x_wconf 83' lang='lat' dir='ltr'><em>quotibet</em></span> <span class='ocrx_word' id='word_1_302' title='bbox 348 1753 465 1782; x_wconf 86' lang='lat' dir='ltr'><em>demum</em></span> <span class='ocrx_word' id='word_1_303' title='bbox 481 1752 565 1781; x_wconf 85' lang='lat' dir='ltr'><em>modo</em></span> <span class='ocrx_word' id='word_1_304' title='bbox 587 1752 636 1782; x_wconf 89' lang='lat' dir='ltr'><em>hic</em></span> <span class='ocrx_word' id='word_1_305' title='bbox 658 1752 898 1782; x_wconf 81' lang='lat' dir='ltr'><em>anachronismus</em></span> <span class='ocrx_word' id='word_1_306' title='bbox 913 1755 945 1782; x_wconf 87' lang='lat' dir='ltr'><em>in</em></span> <span class='ocrx_word' id='word_1_307' title='bbox 962 1753 1120 1791; x_wconf 76' lang='lat' dir='ltr'><em>menoloqii</em></span> <span class='ocrx_word' id='word_1_308' title='bbox 1136 1755 1337 1782; x_wconf 85' lang='lat' dir='ltr'><em>narrationem</em></span> <span class='ocrx_word' id='word_1_309' title='bbox 1353 1755 1521 1791; x_wconf 81' lang='lat' dir='ltr'><em>irrepserit,</em></span> <span class='ocrx_word' id='word_1_310' title='bbox 1543 1754 1632 1792; x_wconf 87' lang='lat' dir='ltr'><em>culpa</em></span> <span class='ocrx_word' id='word_1_311' title='bbox 1654 1754 1772 1792; x_wconf 81' lang='lat' dir='ltr'><em>quidem</em></span> <span class='ocrx_word' id='word_1_312' title='bbox 1786 1754 1904 1791; x_wconf 75' lang='lat' dir='ltr'><em>urqebit</em></span> 
     </span>
     <span class='ocr_line' id='line_1_26' title="bbox 195 1805 1901 1845; baseline -0.001 -9"><span class='ocrx_word' id='word_1_313' title='bbox 195 1810 364 1836; x_wconf 73' lang='lat' dir='ltr'><em>(nis-torem:</em></span> <span class='ocrx_word' id='word_1_314' title='bbox 382 1815 483 1835; x_wconf 75' lang='lat' dir='ltr'><em>verum</em></span> <span class='ocrx_word' id='word_1_315' title='bbox 500 1805 646 1835; x_wconf 70' lang='lat' dir='ltr'><em>enimvero</em></span> <span class='ocrx_word' id='word_1_316' title='bbox 665 1805 807 1835; x_wconf 84' lang='lat' dir='ltr'><em>Germani</em></span> <span class='ocrx_word' id='word_1_317' title='bbox 822 1807 962 1844; x_wconf 83' lang='lat' dir='ltr'><em>epistola,</em></span> <span class='ocrx_word' id='word_1_318' title='bbox 982 1815 1071 1844; x_wconf 81' lang='lat' dir='ltr'><em>quam</em></span> <span class='ocrx_word' id='word_1_319' title='bbox 1081 1815 1159 1845; x_wconf 89' lang='lat' dir='ltr'><em>prae</em></span> <span class='ocrx_word' id='word_1_320' title='bbox 1173 1807 1308 1836; x_wconf 87' lang='lat' dir='ltr'><em>manibus</em></span> <span class='ocrx_word' id='word_1_321' title='bbox 1323 1815 1400 1836; x_wconf 87' lang='lat' dir='ltr'><em>nune</em></span> <span class='ocrx_word' id='word_1_322' title='bbox 1413 1806 1568 1844; x_wconf 87' lang='lat' dir='ltr'><em>habemus,</em></span> <span class='ocrx_word' id='word_1_323' title='bbox 1587 1809 1717 1835; x_wconf 68' lang='lat' dir='ltr'><em>revocari</em></span> <span class='ocrx_word' id='word_1_324' title='bbox 1732 1809 1762 1836; x_wconf 86' lang='lat' dir='ltr'><em>in</em></span> <span class='ocrx_word' id='word_1_325' title='bbox 1779 1806 1901 1835; x_wconf 86' lang='lat' dir='ltr'><em>dubium</em></span> 
     </span>
     <span class='ocr_line' id='line_1_27' title="bbox 195 1859 1902 1897; baseline 0 -9"><span class='ocrx_word' id='word_1_326' title='bbox 195 1861 309 1897; x_wconf 84' lang='lat' dir='ltr'><em>nequit.</em></span> <span class='ocrx_word' id='word_1_327' title='bbox 334 1859 410 1888; x_wconf 87' lang='lat' dir='ltr'><em>Ecce</em></span> <span class='ocrx_word' id='word_1_328' title='bbox 432 1860 509 1888; x_wconf 87' lang='lat' dir='ltr'><em>enim</em></span> <span class='ocrx_word' id='word_1_329' title='bbox 532 1859 615 1896; x_wconf 88' lang='lat' dir='ltr'><em>apud</em></span> <span class='ocrx_word' id='word_1_330' title='bbox 636 1859 760 1888; x_wconf 88' lang='lat' dir='ltr'><em>eundem</em></span> <span class='ocrx_word' id='word_1_331' title='bbox 785 1860 933 1889; x_wconf 87' lang='lat' dir='ltr'><em>Galanum</em></span> <span class='ocrx_word' id='word_1_332' title='bbox 954 1869 987 1897; x_wconf 90' lang='lat' dir='ltr'><em>p.</em></span> <span class='ocrx_word' id='word_1_333' title='bbox 1008 1859 1084 1889; x_wconf 79' lang='lat'><em>341.</em></span> <span class='ocrx_word' id='word_1_334' title='bbox 1106 1868 1146 1889; x_wconf 75' lang='lat' dir='ltr'><em>ea:</em></span> <span class='ocrx_word' id='word_1_335' title='bbox 1167 1860 1376 1889; x_wconf 82' lang='lat' dir='ltr'><em>Armeniorum</em></span> <span class='ocrx_word' id='word_1_336' title='bbox 1399 1860 1520 1889; x_wconf 84' lang='lat' dir='ltr'><em>concilio</em></span> <span class='ocrx_word' id='word_1_337' title='bbox 1544 1862 1667 1889; x_wconf 84' lang='lat' dir='ltr'><em>tarsensi</em></span> <span class='ocrx_word' id='word_1_338' title='bbox 1690 1869 1796 1889; x_wconf 83' lang='lat' dir='ltr'><em>novum</em></span> <span class='ocrx_word' id='word_1_339' title='bbox 1820 1860 1902 1889; x_wconf 82' lang='lat' dir='ltr'><em>testi-</em></span> 
     </span>
     <span class='ocr_line' id='line_1_28' title="bbox 195 1911 1902 1951; baseline -0.001 -10"><span class='ocrx_word' id='word_1_340' title='bbox 195 1914 325 1941; x_wconf 82' lang='lat' dir='ltr'><em>monium</em></span> <span class='ocrx_word' id='word_1_341' title='bbox 348 1911 471 1940; x_wconf 84' lang='lat' dir='ltr'><em>accedit.</em></span> <span class='ocrx_word' id='word_1_342' title='bbox 499 1911 616 1949; x_wconf 83' lang='lat' dir='ltr'><em>Quippe</em></span> <span class='ocrx_word' id='word_1_343' title='bbox 643 1911 686 1940; x_wconf 88' lang='lat' dir='ltr'><em>ibi</em></span> <span class='ocrx_word' id='word_1_344' title='bbox 707 1913 842 1942; x_wconf 87' lang='lat' dir='ltr'><em>Armenii</em></span> <span class='ocrx_word' id='word_1_345' title='bbox 866 1912 991 1942; x_wconf 86' lang='lat' dir='ltr'><em>Graecos</em></span> <span class='ocrx_word' id='word_1_346' title='bbox 1017 1913 1060 1941; x_wconf 83' lang='lat' dir='ltr'><em>sic</em></span> <span class='ocrx_word' id='word_1_347' title='bbox 1085 1913 1303 1951; x_wconf 78' lang='lat' dir='ltr'><em>alloquuntur:</em></span> <span class='ocrx_word' id='word_1_348' title='bbox 1330 1926 1342 1938; x_wconf 86' lang='lat'>«</span> <span class='ocrx_word' id='word_1_349' title='bbox 1364 1916 1467 1951; x_wconf 84' lang='lat' dir='ltr'><em>patres</em></span> <span class='ocrx_word' id='word_1_350' title='bbox 1490 1913 1581 1942; x_wconf 69' lang='lat' dir='ltr'><em>vestri</em></span> <span class='ocrx_word' id='word_1_351' title='bbox 1604 1922 1638 1942; x_wconf 89' lang='lat' dir='ltr'><em>ac</em></span> <span class='ocrx_word' id='word_1_352' title='bbox 1662 1915 1754 1942; x_wconf 83' lang='lat' dir='ltr'><em>nostri</em></span> <span class='ocrx_word' id='word_1_353' title='bbox 1776 1913 1902 1950; x_wconf 71' lang='lat' dir='ltr'><em>sinqulis</em></span> 
     </span>
     <span class='ocr_line' id='line_1_29' title="bbox 202 1964 1902 2004; baseline 0.001 -11"><span class='ocrx_word' id='word_1_354' title='bbox 202 1979 214 1990; x_wconf 89' lang='lat'>»</span> <span class='ocrx_word' id='word_1_355' title='bbox 242 1964 421 2002; x_wconf 84' lang='lat' dir='ltr'><em>temporibus</em></span> <span class='ocrx_word' id='word_1_356' title='bbox 437 1964 477 1993; x_wconf 90' lang='lat' dir='ltr'><em>ad</em></span> <span class='ocrx_word' id='word_1_357' title='bbox 495 1973 600 2002; x_wconf 89' lang='lat' dir='ltr'><em>pacem</em></span> <span class='ocrx_word' id='word_1_358' title='bbox 617 1965 830 1994; x_wconf 76' lang='lat' dir='ltr'><em>conciliandam</em></span> <span class='ocrx_word' id='word_1_359' title='bbox 849 1967 979 2004; x_wconf 83' lang='lat' dir='ltr'><em>impenso</em></span> <span class='ocrx_word' id='word_1_360' title='bbox 996 1966 1096 1995; x_wconf 88' lang='lat' dir='ltr'><em>labore</em></span> <span class='ocrx_word' id='word_1_361' title='bbox 1118 1966 1333 2003; x_wconf 74' lang='lat' dir='ltr'><em>incubuerunt5</em></span> <span class='ocrx_word' id='word_1_362' title='bbox 1350 1969 1385 1995; x_wconf 87' lang='lat' dir='ltr'><em>ut</em></span> <span class='ocrx_word' id='word_1_363' title='bbox 1397 1966 1590 2004; x_wconf 73' lang='lat' dir='ltr'><em>venerabilis,</em></span> <span class='ocrx_word' id='word_1_364' title='bbox 1609 1969 1760 2001; x_wconf 87' lang='lat' dir='ltr'><em>strenuus,</em></span> <span class='ocrx_word' id='word_1_365' title='bbox 1783 1975 1817 1995; x_wconf 83' lang='lat' dir='ltr'><em>ac</em></span> <span class='ocrx_word' id='word_1_366' title='bbox 1826 1975 1902 2003; x_wconf 90' lang='lat' dir='ltr'><em>pro-</em></span> 
     </span>
     <span class='ocr_line' id='line_1_30' title="bbox 202 2017 1902 2057; baseline 0.001 -10"><span class='ocrx_word' id='word_1_367' title='bbox 202 2032 213 2043; x_wconf 79' lang='lat'>»</span> <span class='ocrx_word' id='word_1_368' title='bbox 243 2019 296 2047; x_wconf 91' lang='lat' dir='ltr'><em>bus</em></span> <span class='ocrx_word' id='word_1_369' title='bbox 315 2017 492 2056; x_wconf 85' lang='lat' dir='ltr'><em>patriarcha</em></span> <span class='ocrx_word' id='word_1_370' title='bbox 507 2020 602 2046; x_wconf 77' lang='lat' dir='ltr'><em>cester</em></span> <span class='ocrx_word' id='word_1_371' title='bbox 620 2017 798 2056; x_wconf 87' lang='lat' dir='ltr'><em>Germanus,</em></span> <span class='ocrx_word' id='word_1_372' title='bbox 821 2019 875 2056; x_wconf 83' lang='lat' dir='ltr'><em>qui</em></span> <span class='ocrx_word' id='word_1_373' title='bbox 897 2019 1010 2048; x_wconf 84' lang='lat' dir='ltr'><em>litteras</em></span> <span class='ocrx_word' id='word_1_374' title='bbox 1027 2019 1067 2047; x_wconf 89' lang='lat' dir='ltr'><em>ad</em></span> <span class='ocrx_word' id='word_1_375' title='bbox 1082 2020 1236 2048; x_wconf 86' lang='lat' dir='ltr'><em>Armenios</em></span> <span class='ocrx_word' id='word_1_376' title='bbox 1258 2020 1353 2056; x_wconf 82' lang='lat' dir='ltr'><em>misit,</em></span> <span class='ocrx_word' id='word_1_377' title='bbox 1373 2020 1505 2057; x_wconf 82' lang='lat' dir='ltr'><em>spiritali</em></span> <span class='ocrx_word' id='word_1_378' title='bbox 1520 2021 1643 2048; x_wconf 83' lang='lat' dir='ltr'><em>caritate</em></span> <span class='ocrx_word' id='word_1_379' title='bbox 1665 2028 1701 2048; x_wconf 89' lang='lat' dir='ltr'><em>ac</em></span> <span class='ocrx_word' id='word_1_380' title='bbox 1713 2019 1779 2056; x_wconf 85' lang='lat' dir='ltr'><em>fide</em></span> <span class='ocrx_word' id='word_1_381' title='bbox 1802 2019 1902 2048; x_wconf 89' lang='lat' dir='ltr'><em>ortho-</em></span> 
     </span>
     <span class='ocr_line' id='line_1_31' title="bbox 202 2069 1903 2111; baseline 0.001 -11"><span class='ocrx_word' id='word_1_382' title='bbox 202 2085 214 2095; x_wconf 72' lang='lat' dir='ltr'>n</span> <span class='ocrx_word' id='word_1_383' title='bbox 241 2071 321 2100; x_wconf 72' lang='lat' dir='ltr'><em>doxa</em></span> <span class='ocrx_word' id='word_1_384' title='bbox 341 2071 461 2109; x_wconf 89' lang='lat' dir='ltr'><em>plenas.</em></span> <span class='ocrx_word' id='word_1_385' title='bbox 485 2083 497 2094; x_wconf 71' lang='lat' dir='ltr'><em>n</em></span> <span class='ocrx_word' id='word_1_386' title='bbox 521 2069 608 2106; x_wconf 84' lang='lat' dir='ltr'><em>Quod</em></span> <span class='ocrx_word' id='word_1_387' title='bbox 625 2074 723 2099; x_wconf 79' lang='lat' dir='ltr'><em>autem</em></span> <span class='ocrx_word' id='word_1_388' title='bbox 738 2071 770 2100; x_wconf 84' lang='lat' dir='ltr'><em>in</em></span> <span class='ocrx_word' id='word_1_389' title='bbox 787 2071 943 2109; x_wconf 87' lang='lat' dir='ltr'><em>praedicto</em></span> <span class='ocrx_word' id='word_1_390' title='bbox 961 2072 1168 2101; x_wconf 83' lang='lat' dir='ltr'><em>Armeniorum</em></span> <span class='ocrx_word' id='word_1_391' title='bbox 1184 2073 1346 2110; x_wconf 72' lang='lat' dir='ltr'><em>menoloqio</em></span> <span class='ocrx_word' id='word_1_392' title='bbox 1363 2072 1504 2111; x_wconf 85' lang='lat' dir='ltr'><em>Stephani</em></span> <span class='ocrx_word' id='word_1_393' title='bbox 1518 2081 1632 2110; x_wconf 80' lang='lat' dir='ltr'><em>quoque</em></span> <span class='ocrx_word' id='word_1_394' title='bbox 1650 2081 1817 2110; x_wconf 85' lang='lat' dir='ltr'><em>responsum</em></span> <span class='ocrx_word' id='word_1_395' title='bbox 1833 2073 1903 2102; x_wconf 84' lang='lat' dir='ltr'><em>lau-</em></span> 
     </span>
     <span class='ocr_line' id='line_1_32' title="bbox 196 2113 1903 2164; baseline 0.001 -11"><span class='ocrx_word' id='word_1_396' title='bbox 196 2125 299 2161; x_wconf 85' lang='lat' dir='ltr'><em>detur,</em></span> <span class='ocrx_word' id='word_1_397' title='bbox 316 2123 509 2162; x_wconf 83' lang='lat' dir='ltr'><em>patriarchae</em></span> <span class='ocrx_word' id='word_1_398' title='bbox 531 2126 578 2152; x_wconf 85' lang='lat' dir='ltr'><em>sui</em></span> <span class='ocrx_word' id='word_1_399' title='bbox 600 2125 681 2152; x_wconf 85' lang='lat' dir='ltr'><em>iussu</em></span> <span class='ocrx_word' id='word_1_400' title='bbox 704 2127 877 2161; x_wconf 73' lang='lat' dir='ltr'><em>exaratum,</em></span> <span class='ocrx_word' id='word_1_401' title='bbox 899 2124 979 2162; x_wconf 86' lang='lat' dir='ltr'><em>quod</em></span> <span class='ocrx_word' id='word_1_402' title='bbox 1002 2113 1099 2154; x_wconf 81' lang='lat' dir='ltr'><em>tamen</em></span> <span class='ocrx_word' id='word_1_403' title='bbox 1121 2134 1160 2154; x_wconf 71' lang='lat' dir='ltr'><em>ex</em></span> <span class='ocrx_word' id='word_1_404' title='bbox 1183 2125 1284 2155; x_wconf 88' lang='lat' dir='ltr'><em>relatis</em></span> <span class='ocrx_word' id='word_1_405' title='bbox 1307 2134 1326 2154; x_wconf 89' lang='lat' dir='ltr'><em>a</em></span> <span class='ocrx_word' id='word_1_406' title='bbox 1350 2125 1462 2155; x_wconf 80' lang='lat' dir='ltr'><em>Gaiano</em></span> <span class='ocrx_word' id='word_1_407' title='bbox 1480 2125 1621 2164; x_wconf 84' lang='lat' dir='ltr'><em>partibus</em></span> <span class='ocrx_word' id='word_1_408' title='bbox 1638 2128 1766 2163; x_wconf 82' lang='lat' dir='ltr'><em>pessima</em></span> <span class='ocrx_word' id='word_1_409' title='bbox 1789 2126 1903 2155; x_wconf 81' lang='lat' dir='ltr'><em>haeresi</em></span> 
     </span>
     <span class='ocr_line' id='line_1_33' title="bbox 197 2176 1902 2216; baseline 0.001 -10"><span class='ocrx_word' id='word_1_410' title='bbox 197 2177 367 2207; x_wconf 86' lang='lat' dir='ltr'><em>redundans</em></span> <span class='ocrx_word' id='word_1_411' title='bbox 384 2179 529 2215; x_wconf 87' lang='lat' dir='ltr'><em>apparet,·</em></span> <span class='ocrx_word' id='word_1_412' title='bbox 549 2176 586 2206; x_wconf 83' lang='lat' dir='ltr'><em>id</em></span> <span class='ocrx_word' id='word_1_413' title='bbox 602 2177 803 2215; x_wconf 85' lang='lat' dir='ltr'><em>posteriorum</em></span> <span class='ocrx_word' id='word_1_414' title='bbox 818 2177 1044 2216; x_wconf 86' lang='lat' dir='ltr'><em>interpolatione</em></span> <span class='ocrx_word' id='word_1_415' title='bbox 1060 2177 1274 2208; x_wconf 79' lang='lat' dir='ltr'><em>haereticorum</em></span> <span class='ocrx_word' id='word_1_416' title='bbox 1291 2177 1407 2216; x_wconf 87' lang='lat' dir='ltr'><em>sactum</em></span> <span class='ocrx_word' id='word_1_417' title='bbox 1423 2187 1482 2208; x_wconf 83' lang='lat' dir='ltr'><em>esse</em></span> <span class='ocrx_word' id='word_1_418' title='bbox 1499 2179 1538 2208; x_wconf 91' lang='lat' dir='ltr'><em>cl.</em></span> <span class='ocrx_word' id='word_1_419' title='bbox 1557 2179 1664 2208; x_wconf 79' lang='lat' dir='ltr'><em>Suhias</em></span> <span class='ocrx_word' id='word_1_420' title='bbox 1680 2179 1902 2208; x_wconf 78' lang='lat' dir='ltr'><em>Mechitarz&#39;sta—</em></span> 
     </span>
     <span class='ocr_line' id='line_1_34' title="bbox 197 2230 1902 2270; baseline 0.001 -10"><span class='ocrx_word' id='word_1_421' title='bbox 197 2240 264 2260; x_wconf 86' lang='lat' dir='ltr'><em>rum</em></span> <span class='ocrx_word' id='word_1_422' title='bbox 288 2231 378 2260; x_wconf 87' lang='lat' dir='ltr'><em>abbas</em></span> <span class='ocrx_word' id='word_1_423' title='bbox 401 2233 430 2260; x_wconf 87' lang='lat' dir='ltr'><em>et</em></span> <span class='ocrx_word' id='word_1_424' title='bbox 451 2230 687 2269; x_wconf 85' lang='lat' dir='ltr'><em>archiepiscopus</em></span> <span class='ocrx_word' id='word_1_425' title='bbox 709 2231 878 2269; x_wconf 87' lang='lat' dir='ltr'><em>(prospect.</em></span> <span class='ocrx_word' id='word_1_426' title='bbox 898 2231 958 2260; x_wconf 84' lang='lat' dir='ltr'><em>litt.</em></span> <span class='ocrx_word' id='word_1_427' title='bbox 977 2239 1090 2260; x_wconf 86' lang='lat' dir='ltr'><em>armen.</em></span> <span class='ocrx_word' id='word_1_428' title='bbox 1110 2240 1146 2269; x_wconf 87' lang='lat' dir='ltr'><em>p.</em></span> <span class='ocrx_word' id='word_1_429' title='bbox 1167 2231 1222 2260; x_wconf 77' lang='lat'><em>48.</em></span> <span class='ocrx_word' id='word_1_430' title='bbox 1232 2231 1249 2269; x_wconf 86' lang='lat'><em>)</em></span> <span class='ocrx_word' id='word_1_431' title='bbox 1272 2240 1338 2260; x_wconf 86' lang='lat' dir='ltr'><em>cum</em></span> <span class='ocrx_word' id='word_1_432' title='bbox 1361 2231 1491 2261; x_wconf 88' lang='lat' dir='ltr'><em>Iohanne</em></span> <span class='ocrx_word' id='word_1_433' title='bbox 1519 2233 1677 2270; x_wconf 77' lang='lat' dir='ltr'><em>I&#39;anaqano</em></span> <span class='ocrx_word' id='word_1_434' title='bbox 1700 2235 1823 2261; x_wconf 89' lang='lat' dir='ltr'><em>narrat:</em></span> <span class='ocrx_word' id='word_1_435' title='bbox 1843 2234 1902 2261; x_wconf 74' lang='lat' dir='ltr'><em>sice</em></span> 
     </span>
     <span class='ocr_line' id='line_1_35' title="bbox 197 2283 1903 2323; baseline 0.001 -10"><span class='ocrx_word' id='word_1_436' title='bbox 197 2294 232 2314; x_wconf 86' lang='lat' dir='ltr'><em>ea</em></span> <span class='ocrx_word' id='word_1_437' title='bbox 248 2283 338 2322; x_wconf 86' lang='lat' dir='ltr'><em>fraus</em></span> <span class='ocrx_word' id='word_1_438' title='bbox 360 2284 522 2322; x_wconf 73' lang='lat' dir='ltr'><em>menoloyio</em></span> <span class='ocrx_word' id='word_1_439' title='bbox 545 2284 666 2314; x_wconf 85' lang='lat' dir='ltr'><em>obtrusa</em></span> <span class='ocrx_word' id='word_1_440' title='bbox 681 2283 794 2322; x_wconf 87' lang='lat' dir='ltr'><em>suerit,</em></span> <span class='ocrx_word' id='word_1_441' title='bbox 815 2286 932 2314; x_wconf 86' lang='lat' dir='ltr'><em>insertis</em></span> <span class='ocrx_word' id='word_1_442' title='bbox 955 2284 1094 2314; x_wconf 83' lang='lat' dir='ltr'><em>laudibus</em></span> <span class='ocrx_word' id='word_1_443' title='bbox 1113 2285 1241 2314; x_wconf 87' lang='lat' dir='ltr'><em>auctoris</em></span> <span class='ocrx_word' id='word_1_444' title='bbox 1263 2284 1419 2322; x_wconf 85' lang='lat' dir='ltr'><em>haeretici,</em></span> <span class='ocrx_word' id='word_1_445' title='bbox 1441 2288 1474 2314; x_wconf 87' lang='lat' dir='ltr'><em>ut</em></span> <span class='ocrx_word' id='word_1_446' title='bbox 1496 2285 1563 2314; x_wconf 75' lang='lat' dir='ltr'><em>vult</em></span> <span class='ocrx_word' id='word_1_447' title='bbox 1586 2285 1736 2323; x_wconf 87' lang='lat' dir='ltr'><em>Galanus,·</em></span> <span class='ocrx_word' id='word_1_448' title='bbox 1755 2287 1815 2314; x_wconf 79' lang='lat' dir='ltr'><em>sice</em></span> <span class='ocrx_word' id='word_1_449' title='bbox 1839 2286 1903 2323; x_wconf 88' lang='lat' dir='ltr'><em>ipsa</em></span> 
     </span>
     <span class='ocr_line' id='line_1_36' title="bbox 192 2336 1902 2376; baseline -0.001 -9"><span class='ocrx_word' id='word_1_450' title='bbox 192 2341 294 2376; x_wconf 84' lang='lat' dir='ltr'><em>potius</em></span> <span class='ocrx_word' id='word_1_451' title='bbox 311 2336 452 2376; x_wconf 86' lang='lat' dir='ltr'><em>Stephani</em></span> <span class='ocrx_word' id='word_1_452' title='bbox 468 2337 591 2375; x_wconf 84' lang='lat' dir='ltr'><em>epistola</em></span> <span class='ocrx_word' id='word_1_453' title='bbox 604 2337 717 2367; x_wconf 79' lang='lat' dir='ltr'><em>violata</em></span> <span class='ocrx_word' id='word_1_454' title='bbox 732 2340 786 2376; x_wconf 85' lang='lat' dir='ltr'><em>sit,</em></span> <span class='ocrx_word' id='word_1_455' title='bbox 806 2341 841 2367; x_wconf 88' lang='lat' dir='ltr'><em>ut</em></span> <span class='ocrx_word' id='word_1_456' title='bbox 853 2338 959 2367; x_wconf 76' lang='lat' dir='ltr'><em>Suhtas</em></span> <span class='ocrx_word' id='word_1_457' title='bbox 975 2337 1080 2367; x_wconf 91' lang='lat' dir='ltr'><em>credit.</em></span> <span class='ocrx_word' id='word_1_458' title='bbox 1106 2338 1240 2376; x_wconf 84' lang='lat' dir='ltr'><em>Denique</em></span> <span class='ocrx_word' id='word_1_459' title='bbox 1259 2337 1439 2376; x_wconf 87' lang='lat' dir='ltr'><em>Stephanum</em></span> <span class='ocrx_word' id='word_1_460' title='bbox 1453 2338 1530 2367; x_wconf 89' lang='lat' dir='ltr'><em>hunc</em></span> <span class='ocrx_word' id='word_1_461' title='bbox 1545 2340 1720 2368; x_wconf 85' lang='lat' dir='ltr'><em>siuniensem</em></span> <span class='ocrx_word' id='word_1_462' title='bbox 1737 2341 1815 2368; x_wconf 84' lang='lat' dir='ltr'><em>inter</em></span> <span class='ocrx_word' id='word_1_463' title='bbox 1828 2339 1902 2368; x_wconf 85' lang='lat' dir='ltr'><em>illu-</em></span> 
     </span>
     <span class='ocr_line' id='line_1_37' title="bbox 197 2390 1903 2430; baseline 0.001 -11"><span class='ocrx_word' id='word_1_464' title='bbox 197 2394 271 2420; x_wconf 84' lang='lat' dir='ltr'><em>stres</em></span> <span class='ocrx_word' id='word_1_465' title='bbox 292 2391 447 2419; x_wconf 82' lang='lat' dir='ltr'><em>Armenios</em></span> <span class='ocrx_word' id='word_1_466' title='bbox 464 2392 552 2428; x_wconf 89' lang='lat' dir='ltr'><em>ponit</em></span> <span class='ocrx_word' id='word_1_467' title='bbox 575 2391 665 2420; x_wconf 87' lang='lat' dir='ltr'><em>etiam</em></span> <span class='ocrx_word' id='word_1_468' title='bbox 687 2392 808 2421; x_wconf 86' lang='lat' dir='ltr'><em>Samuel</em></span> <span class='ocrx_word' id='word_1_469' title='bbox 829 2391 957 2420; x_wconf 82' lang='lat' dir='ltr'><em>aniensis</em></span> <span class='ocrx_word' id='word_1_470' title='bbox 979 2393 1011 2420; x_wconf 88' lang='lat' dir='ltr'><em>in</em></span> <span class='ocrx_word' id='word_1_471' title='bbox 1033 2390 1168 2421; x_wconf 90' lang='lat' dir='ltr'><em>chronico</em></span> <span class='ocrx_word' id='word_1_472' title='bbox 1190 2391 1231 2420; x_wconf 93' lang='lat' dir='ltr'><em>ad</em></span> <span class='ocrx_word' id='word_1_473' title='bbox 1252 2400 1363 2421; x_wconf 88' lang='lat' dir='ltr'><em>annum</em></span> <span class='ocrx_word' id='word_1_474' title='bbox 1387 2391 1469 2430; x_wconf 80' lang='lat'><em>772,</em></span> <span class='ocrx_word' id='word_1_475' title='bbox 1490 2392 1585 2430; x_wconf 87' lang='lat' dir='ltr'><em>paulo</em></span> <span class='ocrx_word' id='word_1_476' title='bbox 1612 2395 1708 2421; x_wconf 88' lang='lat' dir='ltr'><em>tamen</em></span> <span class='ocrx_word' id='word_1_477' title='bbox 1730 2395 1764 2421; x_wconf 93' lang='lat' dir='ltr'><em>ut</em></span> <span class='ocrx_word' id='word_1_478' title='bbox 1786 2391 1903 2421; x_wconf 75' lang='lat' dir='ltr'><em>videtur</em></span> 
     </span>
     <span class='ocr_line' id='line_1_38' title="bbox 197 2443 1502 2483; baseline 0.002 -11"><span class='ocrx_word' id='word_1_479' title='bbox 197 2445 308 2481; x_wconf 84' lang='lat' dir='ltr'><em>serius,</em></span> <span class='ocrx_word' id='word_1_480' title='bbox 331 2445 389 2473; x_wconf 81' lang='lat' dir='ltr'><em>nisi</em></span> <span class='ocrx_word' id='word_1_481' title='bbox 405 2443 487 2482; x_wconf 87' lang='lat' dir='ltr'><em>sorte</em></span> <span class='ocrx_word' id='word_1_482' title='bbox 510 2446 676 2474; x_wconf 73' lang='lat' dir='ltr'><em>extremum</em></span> <span class='ocrx_word' id='word_1_483' title='bbox 697 2446 776 2474; x_wconf 83' lang='lat' dir='ltr'><em>vitae</em></span> <span class='ocrx_word' id='word_1_484' title='bbox 797 2444 941 2482; x_wconf 85' lang='lat' dir='ltr'><em>Stephani</em></span> <span class='ocrx_word' id='word_1_485' title='bbox 963 2453 1073 2474; x_wconf 87' lang='lat' dir='ltr'><em>annum</em></span> <span class='ocrx_word' id='word_1_486' title='bbox 1096 2444 1230 2483; x_wconf 76' lang='lat' dir='ltr'><em>desiynat</em></span> <span class='ocrx_word' id='word_1_487' title='bbox 1251 2444 1502 2483; x_wconf 74' lang='lat' dir='ltr'><em>chronoqraphus.</em></span> 
     </span>
    </p>

    <p class='ocr_par' dir='ltr' id='par_1_5' title="bbox 191 2497 1904 2908">
     <span class='ocr_line' id='line_1_39' title="bbox 285 2497 1904 2536; baseline 0 -10"><span class='ocrx_word' id='word_1_488' title='bbox 285 2497 346 2526; x_wconf 86' lang='lat' dir='ltr'><em>Sed</em></span> <span class='ocrx_word' id='word_1_489' title='bbox 366 2500 400 2526; x_wconf 86' lang='lat' dir='ltr'><em>ut</em></span> <span class='ocrx_word' id='word_1_490' title='bbox 421 2497 462 2526; x_wconf 88' lang='lat' dir='ltr'><em>ad</em></span> <span class='ocrx_word' id='word_1_491' title='bbox 485 2497 664 2527; x_wconf 84' lang='lat' dir='ltr'><em>Germanum</em></span> <span class='ocrx_word' id='word_1_492' title='bbox 687 2497 821 2535; x_wconf 88' lang='lat' dir='ltr'><em>redeam,</em></span> <span class='ocrx_word' id='word_1_493' title='bbox 843 2497 977 2536; x_wconf 81' lang='lat' dir='ltr'><em>equidem</em></span> <span class='ocrx_word' id='word_1_494' title='bbox 1000 2497 1070 2527; x_wconf 90' lang='lat' dir='ltr'><em>dum</em></span> <span class='ocrx_word' id='word_1_495' title='bbox 1086 2497 1166 2527; x_wconf 86' lang='lat' dir='ltr'><em>illud</em></span> <span class='ocrx_word' id='word_1_496' title='bbox 1181 2499 1214 2527; x_wconf 87' lang='lat' dir='ltr'><em>in</em></span> <span class='ocrx_word' id='word_1_497' title='bbox 1229 2498 1388 2536; x_wconf 76' lang='lat' dir='ltr'><em>Spicileqio</em></span> <span class='ocrx_word' id='word_1_498' title='bbox 1411 2500 1552 2528; x_wconf 86' lang='lat' dir='ltr'><em>monitum</em></span> <span class='ocrx_word' id='word_1_499' title='bbox 1575 2499 1746 2535; x_wconf 83' lang='lat' dir='ltr'><em>scriberem,</em></span> <span class='ocrx_word' id='word_1_500' title='bbox 1768 2498 1824 2527; x_wconf 85' lang='lat' dir='ltr'><em>illa</em></span> <span class='ocrx_word' id='word_1_501' title='bbox 1840 2500 1904 2526; x_wconf 89' lang='lat' dir='ltr'><em>tan-</em></span> 
     </span>
     <span class='ocr_line' id='line_1_40' title="bbox 196 2550 1902 2589; baseline 0.001 -10"><span class='ocrx_word' id='word_1_502' title='bbox 196 2553 259 2579; x_wconf 87' lang='lat' dir='ltr'><em>tum</em></span> <span class='ocrx_word' id='word_1_503' title='bbox 283 2559 358 2588; x_wconf 80' lang='lat' dir='ltr'><em>quae</em></span> <span class='ocrx_word' id='word_1_504' title='bbox 381 2550 465 2588; x_wconf 88' lang='lat' dir='ltr'><em>apud</em></span> <span class='ocrx_word' id='word_1_505' title='bbox 488 2550 637 2580; x_wconf 89' lang='lat' dir='ltr'><em>Galanum</em></span> <span class='ocrx_word' id='word_1_506' title='bbox 659 2554 727 2580; x_wconf 88' lang='lat' dir='ltr'><em>sunt</em></span> <span class='ocrx_word' id='word_1_507' title='bbox 750 2552 914 2580; x_wconf 86' lang='lat' dir='ltr'><em>testimonia</em></span> <span class='ocrx_word' id='word_1_508' title='bbox 937 2560 1075 2581; x_wconf 71' lang='lat' dir='ltr'><em>noi-eram</em></span> <span class='ocrx_word' id='word_1_509' title='bbox 1096 2551 1133 2580; x_wconf 87' lang='lat' dir='ltr'><em>de</em></span> <span class='ocrx_word' id='word_1_510' title='bbox 1158 2552 1298 2581; x_wconf 83' lang='lat' dir='ltr'><em>Germani</em></span> <span class='ocrx_word' id='word_1_511' title='bbox 1315 2552 1356 2581; x_wconf 88' lang='lat' dir='ltr'><em>ad</em></span> <span class='ocrx_word' id='word_1_512' title='bbox 1370 2552 1523 2582; x_wconf 84' lang='lat' dir='ltr'><em>Armenios</em></span> <span class='ocrx_word' id='word_1_513' title='bbox 1545 2552 1681 2589; x_wconf 83' lang='lat' dir='ltr'><em>epistola.</em></span> <span class='ocrx_word' id='word_1_514' title='bbox 1708 2552 1815 2581; x_wconf 89' lang='lat' dir='ltr'><em>Postea</em></span> <span class='ocrx_word' id='word_1_515' title='bbox 1833 2560 1902 2580; x_wconf 77' lang='lat' dir='ltr'><em>rero</em></span> 
     </span>
     <span class='ocr_line' id='line_1_41' title="bbox 193 2602 1903 2642; baseline -0.001 -11"><span class='ocrx_word' id='word_1_516' title='bbox 193 2603 329 2641; x_wconf 82' lang='lat' dir='ltr'><em>feliciter</em></span> <span class='ocrx_word' id='word_1_517' title='bbox 344 2602 418 2632; x_wconf 87' lang='lat' dir='ltr'><em>mihi</em></span> <span class='ocrx_word' id='word_1_518' title='bbox 439 2604 576 2641; x_wconf 75' lang='lat' dir='ltr'><em>contiqit,</em></span> <span class='ocrx_word' id='word_1_519' title='bbox 599 2605 635 2632; x_wconf 88' lang='lat' dir='ltr'><em>ut</em></span> <span class='ocrx_word' id='word_1_520' title='bbox 655 2605 686 2632; x_wconf 85' lang='lat' dir='ltr'><em>in</em></span> <span class='ocrx_word' id='word_1_521' title='bbox 709 2603 962 2641; x_wconf 84' lang='lat' dir='ltr'><em>adnotationibus,</em></span> <span class='ocrx_word' id='word_1_522' title='bbox 983 2613 1057 2642; x_wconf 80' lang='lat' dir='ltr'><em>quas</em></span> <span class='ocrx_word' id='word_1_523' title='bbox 1079 2604 1156 2633; x_wconf 92' lang='lat' dir='ltr'><em>edito</em></span> <span class='ocrx_word' id='word_1_524' title='bbox 1174 2614 1193 2634; x_wconf 91' lang='lat' dir='ltr'><em>a</em></span> <span class='ocrx_word' id='word_1_525' title='bbox 1211 2613 1241 2634; x_wconf 86' lang='lat' dir='ltr'><em>se</em></span> <span class='ocrx_word' id='word_1_526' title='bbox 1256 2604 1396 2634; x_wconf 86' lang='lat' dir='ltr'><em>Iohannis</em></span> <span class='ocrx_word' id='word_1_527' title='bbox 1416 2605 1561 2634; x_wconf 69' lang='lat' dir='ltr'><em>ozniensis</em></span> <span class='ocrx_word' id='word_1_528' title='bbox 1584 2607 1685 2633; x_wconf 85' lang='lat' dir='ltr'><em>contra</em></span> <span class='ocrx_word' id='word_1_529' title='bbox 1706 2603 1903 2641; x_wconf 82' lang='lat' dir='ltr'><em>phantasticos</em></span> 
     </span>
     <span class='ocr_line' id='line_1_42' title="bbox 191 2656 1899 2696; baseline 0 -11"><span class='ocrx_word' id='word_1_530' title='bbox 191 2657 319 2686; x_wconf 84' lang='lat' dir='ltr'><em>sermoni</em></span> <span class='ocrx_word' id='word_1_531' title='bbox 338 2658 470 2685; x_wconf 73' lang='lat' dir='ltr'><em>attexuit</em></span> <span class='ocrx_word' id='word_1_532' title='bbox 483 2657 531 2685; x_wconf 73' lang='lat' dir='ltr'><em>vir</em></span> <span class='ocrx_word' id='word_1_533' title='bbox 547 2657 586 2686; x_wconf 89' lang='lat' dir='ltr'><em>el.</em></span> <span class='ocrx_word' id='word_1_534' title='bbox 605 2656 635 2686; x_wconf 88' lang='lat' dir='ltr'><em>J.</em></span> <span class='ocrx_word' id='word_1_535' title='bbox 655 2657 693 2686; x_wconf 90' lang='lat' dir='ltr'><em>B.</em></span> <span class='ocrx_word' id='word_1_536' title='bbox 712 2657 882 2695; x_wconf 86' lang='lat' dir='ltr'><em>Aucherus,</em></span> <span class='ocrx_word' id='word_1_537' title='bbox 905 2657 1176 2687; x_wconf 85' lang='lat' dir='ltr'><em>Mechitaristarum</em></span> <span class='ocrx_word' id='word_1_538' title='bbox 1191 2657 1333 2696; x_wconf 80' lang='lat' dir='ltr'><em>familiae</em></span> <span class='ocrx_word' id='word_1_539' title='bbox 1349 2658 1451 2695; x_wconf 84' lang='lat' dir='ltr'><em>decus,</em></span> <span class='ocrx_word' id='word_1_540' title='bbox 1472 2658 1542 2687; x_wconf 84' lang='lat' dir='ltr'><em>bene</em></span> <span class='ocrx_word' id='word_1_541' title='bbox 1558 2658 1678 2695; x_wconf 84' lang='lat' dir='ltr'><em>inquam</em></span> <span class='ocrx_word' id='word_1_542' title='bbox 1695 2657 1771 2686; x_wconf 80' lang='lat' dir='ltr'><em>mihi</em></span> <span class='ocrx_word' id='word_1_543' title='bbox 1786 2657 1899 2694; x_wconf 80' lang='lat' dir='ltr'><em>evenit,</em></span> 
     </span>
     <span class='ocr_line' id='line_1_43' title="bbox 191 2710 1903 2749; baseline 0 -11"><span class='ocrx_word' id='word_1_544' title='bbox 191 2713 227 2739; x_wconf 86' lang='lat' dir='ltr'><em>ut</em></span> <span class='ocrx_word' id='word_1_545' title='bbox 249 2710 334 2739; x_wconf 78' lang='lat' dir='ltr'><em>brere</em></span> <span class='ocrx_word' id='word_1_546' title='bbox 358 2710 465 2739; x_wconf 84' lang='lat' dir='ltr'><em>lemma</em></span> <span class='ocrx_word' id='word_1_547' title='bbox 488 2719 527 2739; x_wconf 72' lang='lat' dir='ltr'><em>ea:</em></span> <span class='ocrx_word' id='word_1_548' title='bbox 548 2710 722 2748; x_wconf 83' lang='lat' dir='ltr'><em>supradicta</em></span> <span class='ocrx_word' id='word_1_549' title='bbox 739 2710 878 2740; x_wconf 89' lang='lat' dir='ltr'><em>Germani</em></span> <span class='ocrx_word' id='word_1_550' title='bbox 900 2711 1013 2740; x_wconf 82' lang='lat' dir='ltr'><em>inedita</em></span> <span class='ocrx_word' id='word_1_551' title='bbox 1036 2712 1304 2749; x_wconf 74' lang='lat' dir='ltr'><em>epistola&#39;citatum</em></span> <span class='ocrx_word' id='word_1_552' title='bbox 1327 2713 1473 2749; x_wconf 71' lang='lat' dir='ltr'><em>leqerem5</em></span> <span class='ocrx_word' id='word_1_553' title='bbox 1492 2720 1531 2740; x_wconf 73' lang='lat' dir='ltr'><em>ex</em></span> <span class='ocrx_word' id='word_1_554' title='bbox 1553 2720 1610 2749; x_wconf 83' lang='lat' dir='ltr'><em>quo</em></span> <span class='ocrx_word' id='word_1_555' title='bbox 1630 2712 1730 2739; x_wconf 82' lang='lat' dir='ltr'><em>statim</em></span> <span class='ocrx_word' id='word_1_556' title='bbox 1748 2711 1903 2748; x_wconf 82' lang='lat' dir='ltr'><em>specimine</em></span> 
     </span>
     <span class='ocr_line' id='line_1_44' title="bbox 191 2763 1904 2803; baseline 0 -12"><span class='ocrx_word' id='word_1_557' title='bbox 191 2763 339 2800; x_wconf 80' lang='lat' dir='ltr'><em>iudicavi,</em></span> <span class='ocrx_word' id='word_1_558' title='bbox 369 2765 510 2800; x_wconf 85' lang='lat' dir='ltr'><em>scriptum</em></span> <span class='ocrx_word' id='word_1_559' title='bbox 533 2763 587 2792; x_wconf 91' lang='lat' dir='ltr'><em>hoc</em></span> <span class='ocrx_word' id='word_1_560' title='bbox 611 2763 751 2793; x_wconf 85' lang='lat' dir='ltr'><em>Germani</em></span> <span class='ocrx_word' id='word_1_561' title='bbox 773 2764 856 2802; x_wconf 89' lang='lat' dir='ltr'><em>apud</em></span> <span class='ocrx_word' id='word_1_562' title='bbox 876 2767 991 2794; x_wconf 83' lang='lat' dir='ltr'><em>venetos</em></span> <span class='ocrx_word' id='word_1_563' title='bbox 1014 2764 1247 2802; x_wconf 83' lang='lat' dir='ltr'><em>Mechitaristas‚</em></span> <span class='ocrx_word' id='word_1_564' title='bbox 1275 2767 1327 2803; x_wconf 86' lang='lat' dir='ltr'><em>qui</em></span> <span class='ocrx_word' id='word_1_565' title='bbox 1345 2766 1529 2802; x_wconf 78' lang='lat' dir='ltr'><em>pervetustis</em></span> <span class='ocrx_word' id='word_1_566' title='bbox 1548 2765 1733 2802; x_wconf 68' lang='lat' dir='ltr'><em>cyreffiisque</em></span> <span class='ocrx_word' id='word_1_567' title='bbox 1756 2763 1904 2792; x_wconf 81' lang='lat' dir='ltr'><em>codicibus</em></span> 
     </span>
     <span class='ocr_line' id='line_1_45' title="bbox 193 2816 1903 2856; baseline -0.001 -11"><span class='ocrx_word' id='word_1_568' title='bbox 193 2816 361 2853; x_wconf 87' lang='lat' dir='ltr'><em>abundant,</em></span> <span class='ocrx_word' id='word_1_569' title='bbox 381 2818 546 2846; x_wconf 89' lang='lat' dir='ltr'><em>armeniace</em></span> <span class='ocrx_word' id='word_1_570' title='bbox 569 2817 672 2846; x_wconf 88' lang='lat' dir='ltr'><em>saltem</em></span> <span class='ocrx_word' id='word_1_571' title='bbox 694 2819 827 2854; x_wconf 85' lang='lat' dir='ltr'><em>servari,·</em></span> <span class='ocrx_word' id='word_1_572' title='bbox 848 2816 972 2855; x_wconf 83' lang='lat' dir='ltr'><em>ideoque</em></span> <span class='ocrx_word' id='word_1_573' title='bbox 994 2818 1156 2856; x_wconf 84' lang='lat' dir='ltr'><em>cupiditate</em></span> <span class='ocrx_word' id='word_1_574' title='bbox 1178 2819 1312 2848; x_wconf 82' lang='lat' dir='ltr'><em>incensus</em></span> <span class='ocrx_word' id='word_1_575' title='bbox 1334 2827 1414 2855; x_wconf 89' lang='lat' dir='ltr'><em>sum,</em></span> <span class='ocrx_word' id='word_1_576' title='bbox 1435 2821 1469 2847; x_wconf 89' lang='lat' dir='ltr'><em>ut</em></span> <span class='ocrx_word' id='word_1_577' title='bbox 1485 2817 1533 2846; x_wconf 75' lang='lat' dir='ltr'><em>cel</em></span> <span class='ocrx_word' id='word_1_578' title='bbox 1555 2817 1588 2846; x_wconf 85' lang='lat' dir='ltr'><em>id</em></span> <span class='ocrx_word' id='word_1_579' title='bbox 1604 2817 1726 2854; x_wconf 84' lang='lat' dir='ltr'><em>plenius</em></span> <span class='ocrx_word' id='word_1_580' title='bbox 1748 2825 1903 2855; x_wconf 73' lang='lat' dir='ltr'><em>coqnosce-</em></span> 
     </span>
     <span class='ocr_line' id='line_1_46' title="bbox 194 2869 1901 2908; baseline 0.001 -10"><span class='ocrx_word' id='word_1_581' title='bbox 194 2878 271 2906; x_wconf 80' lang='lat' dir='ltr'><em>rem,</em></span> <span class='ocrx_word' id='word_1_582' title='bbox 292 2869 342 2898; x_wconf 79' lang='lat' dir='ltr'><em>vel</em></span> <span class='ocrx_word' id='word_1_583' title='bbox 363 2869 451 2898; x_wconf 82' lang='lat' dir='ltr'><em>etiam</em></span> <span class='ocrx_word' id='word_1_584' title='bbox 468 2869 663 2908; x_wconf 64' lang='lat' dir='ltr'><em>largientibus</em></span> <span class='ocrx_word' id='word_1_585' title='bbox 679 2869 817 2908; x_wconf 82' lang='lat' dir='ltr'><em>dominis,</em></span> <span class='ocrx_word' id='word_1_586' title='bbox 837 2879 902 2900; x_wconf 86' lang='lat' dir='ltr'><em>cum</em></span> <span class='ocrx_word' id='word_1_587' title='bbox 920 2870 1105 2901; x_wconf 85' lang='lat' dir='ltr'><em>eruditorum</em></span> <span class='ocrx_word' id='word_1_588' title='bbox 1120 2874 1201 2901; x_wconf 86' lang='lat' dir='ltr'><em>coctu</em></span> <span class='ocrx_word' id='word_1_589' title='bbox 1218 2873 1250 2902; x_wconf 85' lang='lat' dir='ltr'><em>in</em></span> <span class='ocrx_word' id='word_1_590' title='bbox 1267 2871 1312 2901; x_wconf 89' lang='lat' dir='ltr'><em>his</em></span> <span class='ocrx_word' id='word_1_591' title='bbox 1330 2871 1402 2900; x_wconf 82' lang='lat' dir='ltr'><em>meis</em></span> <span class='ocrx_word' id='word_1_592' title='bbox 1425 2869 1624 2900; x_wconf 72' lang='lat' dir='ltr'><em>voluminibus</em></span> <span class='ocrx_word' id='word_1_593' title='bbox 1647 2870 1901 2899; x_wconf 79' lang='lat' dir='ltr'><em>conunum&#39;carcm.</em></span> 
     </span>
    </p>
   </div>
   <div class='ocr_carea' id='block_1_4' title="bbox 1751 2933 1785 2957">
    <p class='ocr_par' dir='ltr' id='par_1_6' title="bbox 1751 2933 1785 2957">
     <span class='ocr_line' id='line_1_47' title="bbox 1751 2933 1785 2957; baseline 0.029 -1"><span class='ocrx_word' id='word_1_594' title='bbox 1751 2933 1785 2957; x_wconf 77' lang='lat'><em>74</em></span> 
     </span>
    </p>
   </div>
  </div>
 </body>
</html>
