2239 3317
1067 242 1177 264 affluxit
1184 256 1190 262 .

688 302 709 327 L

295 394 384 422 Laicis
396 400 503 421 sacrum
518 390 701 418 ministerium
716 392 763 415 aut
777 385 961 421 magisterium
973 392 1029 411 non
1042 384 1105 410 licet

348 440 376 465 P.
395 446 420 472 p.
436 440 496 463 (358.
511 438 573 462 655).
940 454 948 463 Ι

294 482 387 510 Lectio
407 480 540 508 defectiva
560 477 633 513 apud
652 476 786 512 Cyrillum
805 482 831 509 p.
848 476 908 500 287.
923 471 986 499 adn.
999 475 1024 498 2.

294 526 390 561 Legati
410 524 515 551 roumni
536 531 583 558 pro
602 519 787 556 Chrysostomi
806 525 885 544 causa
906 517 944 543 M.
959 524 984 550 p.
999 519 1058 542 547.

293 571 374 605 Legis
386 570 519 596 mosaIcae
528 575 591 594 cum
600 565 750 592 christiana
759 562 924 596 comparatio
937 569 962 595 p.
975 563 1032 587 198.
1045 562 1102 586 199.

294 615 375 650 Legis
395 613 491 641 veteris
511 619 581 639 onus
600 616 680 643 grave
699 616 725 641 p.
739 609 798 632 282.

293 661 350 686 Leo
370 666 438 693 papa
459 658 479 682 l.
495 654 637 682 haereticis
657 651 759 677 inrisus
779 651 808 676 P.
823 658 848 684 p.
863 653 928 676 6581

294 704 381 737 Lepra
402 700 512 727 morbus
532 694 692 724 insanabilis
712 702 738 728 p.
756 697 815 720 169,

295 748 411 781 Lepi-am
430 745 537 778 Moyses
555 738 748 773 supplicando7
768 738 892 765 Christus
911 736 1046 769 iubendo,
1061 743 1104 762 sa-

347 791 481 816 naverunt
500 793 526 819 p.
543 787 601 810 171.

293 835 353 860 Lex
372 829 509 858 interdum
529 827 630 853 dicitur
642 834 690 861 pro
702 826 829 853 universa
849 826 983 861 scriptura
1003 833 1029 860 p.
1044 828 1103 852 353.

294 877 415 903 Libanus
434 872 515 899 idolis
535 871 649 897 refertus
669 879 694 905 p.
711 874 771 896 464.

293 917 397 949 Lusus,
417 920 448 942 ut
467 915 586 946 ridetur,
607 922 694 948 genus
712 913 851 949 quoddam
872 914 956 945 (Luc.
973 913 1030 940 vil.
1045 914 1105 944 32.)

345 960 417 996 apud
437 960 575 986 Hebraeos
595 961 696 994 11214.

685 1024 713 1050 M

290 1095 386 1120 Manes
405 1099 490 1126 aeque
503 1099 534 1117 ac
546 1089 668 1116 Marcion
682 1093 758 1116 retus
773 1092 968 1116 testamentum
988 1088 1035 1115 alii
1048 1089 1105 1115 Deo

344 1135 501 1162 tribuebant
520 1143 546 1169 p.
560 1137 621 1160 258.

289 1179 407 1206 Manetis
427 1179 570 1213 phantasia
590 1179 623 1204 A.
639 1185 665 1212 p.
682 1179 742 1203 570.

288 1223 513 1250 Manichaeorum
535 1226 562 1249 et
583 1220 840 1256 Monophysitarum
866 1221 939 1255 pravi
965 1227 1054 1247 mores
1073 1221 1102 1246 P.

344 1276 369 1302 p.
387 1270 447 1294 656.
466 1270 526 1293 657.

290 1310 488 1343 Mansuetudo‚
504 1310 588 1337 moris
608 1308 752 1337 christiani
771 1309 880 1343 propria
899 1313 939 1335 est
959 1316 985 1344 p.
1003 1311 1062 1335 127.

289 1356 411 1383 Marcelli
432 1355 552 1382 haeresis
571 1362 597 1389 p.
615 1356 657 1380 30.

289 1400 443 1427 Mar-darius
462 1399 545 1426 abbas
564 1398 706 1433 aegyptius
725 1399 756 1424 T.
771 1406 798 1432 p.
812 1400 874 1425 542.

288 1445 374 1472 Maria
393 1443 595 1478 aequipollente
617 1443 757 1469 locutione
777 1441 848 1469 dicta
867 1441 921 1468 fuit
941 1441 1051 1476 deipara
1071 1442 1104 1469 ab

341 1489 447 1524 angelis
468 1497 494 1523 p.
515 1491 567 1520 94;
588 1487 622 1514 ab
644 1487 802 1514 Elisabetha
826 1495 852 1521 p.
874 1490 925 1519 953
946 1495 961 1514 a
983 1487 1103 1522 Baptista

342 1541 368 1568 p.
390 1536 435 1559 98,

288 1578 391 1603 Mariae
411 1580 540 1611 perpetua
559 1575 701 1610 virginitas
721 1583 746 1609 p.
762 1577 822 1601 121.
838 1577 897 1603 122.
914 1577 972 1601 123.

286 1620 389 1646 Mariae
408 1620 521 1654 virginis
540 1623 634 1653 partus
654 1618 803 1645 ineffabilis
823 1626 849 1653 p.
866 1622 910 1644 61.

287 1664 373 1689 Maria
393 1663 496 1688 11151811.
511 1663 630 1692 ἕεστο-ως
640 1682 646 1693 ‚
660 1670 694 1688 ne
711 1674 881 1698 χριστοτοκος
896 1661 1007 1697 quidem
1027 1669 1104 1696 repu-

339 1706 423 1733 tanda
443 1710 484 1732 est
503 1714 528 1740 p.
544 1709 586 1732 82.

287 1751 373 1778 Maria
393 1758 449 1777 non
470 1749 610 1776 hominem
631 1749 750 1784 peperit,
771 1749 818 1776 sed
837 1750 1034 1784 sempiternum
1053 1750 1104 1777 Dei

341 1794 460 1820 Verbum
482 1794 665 1820 humanatum
685 1801 712 1827 p.
726 1796 769 1819 83.
784 1796 827 1819 90.

286 1838 402 1863 Mariam
415 1837 465 1863 Dei
487 1841 602 1863 matrem
618 1841 712 1864 utrum
728 1837 834 1871 primus
852 1837 1028 1872 appellaverit
1040 1845 1103 1864 san-

339 1874 401 1906 ctus
420 1881 476 1905 Leo
494 1881 546 1905 PP.
564 1888 589 1913 p.
607 1883 666 1906 100.
681 1879 745 1906 adn.

287 1923 402 1950 Mariam
425 1922 565 1957 deiparam
590 1922 793 1949 confitebantur
815 1924 963 1951 orientales
986 1925 1105 1959 episcopi

341 1974 366 2001 p.
386 1970 444 1993 105.
465 1968 506 1992 De
525 1966 642 2000 Deipara
662 1967 691 1992 P.
707 1974 732 2000 p.
747 1969 808 1992 610.
823 1975 879 2001 seq.

286 2011 402 2038 Mariam
426 2009 535 2036 dicebat
553 2009 695 2036 Nestorius
718 2009 928 2044 christiparam,
949 2010 1103 2045 dominipa·

340 2063 398 2081 ram
418 2062 445 2089 p.
462 2057 520 2080 101.

286 2100 401 2126 Mariam
415 2098 652 2134 (1101χριστοτόκῃ
668 2102 778 2133 propter
790 2099 966 2125 Nestorianos
978 2107 1033 2125 non
1047 2099 1104 2125 vult

339 2143 458 2179 Cyrillus
478 2151 504 2177 p.
521 2147 579 2169 lot.
594 2144 626 2169 V.
640 2142 705 2169 adn.

286 2188 411 2222 Martyrii
432 2195 479 2222 pro
499 2187 607 2214 Christo
626 2187 687 2213 laus
706 2195 732 2221 p.
749 2190 810 2213 288.
827 2190 887 2214 371.

285 2231 410 2267 Martyrii
430 2231 585 2258 antiocheni
607 2231 778 2265 patriarchae
797 2230 982 2265 fragmentum
1002 2231 1049 2259 ubi
1069 2232 1102 2259 de

338 2275 468 2301 conflictu
487 2275 595 2301 animae
614 2275 643 2301 in
662 2274 737 2302 exitu
756 2282 770 2301 e
790 2282 901 2310 corpore
919 2277 957 2302 M.
973 2284 998 2310 p.
1013 2278 1074 2303 552.

286 2317 436 2352 Mai-tyrius
448 2319 601 2353 patriarcha
615 2319 753 2346 invehitur
769 2319 797 2345 in
809 2319 932 2346 Atticum
941 2341 948 2352 ,
961 2323 987 2346 et
999 2328 1014 2346 a
1029 2328 1102 2347 com-

340 2360 469 2387 munione
487 2370 550 2388 cum
571 2362 618 2388 illo
637 2362 800 2389 dehortatur
819 2363 856 2388 M.
874 2371 900 2397 p.
917 2366 977 2390 549.

284 2404 433 2439 Mam-rius
453 2406 606 2438 patriarcha
619 2406 762 2433 dubitabat
775 2406 865 2433 adhuc
877 2406 911 2433 de
923 2407 1000 2433 obitu
1014 2407 1100 2443 Chry-

337 2447 466 2480 sostomi,
480 2448 508 2473 in
526 2456 577 2475 suo
596 2450 759 2485 panegyrico
778 2451 815 2476 M.
830 2457 856 2484 p.
871 2453 931 2477 548.

284 2493 381 2517 Mater·
399 2493 481 2523 Sion,
502 2500 550 2526 pro
569 2494 707 2528 numquid
725 2496 792 2521 Sion
812 2498 867 2529 (ps.
888 2495 1043 2521 LXXXVI.
1056 2498 1100 2526 5.)

337 2535 450 2562 celebris
464 2535 544 2563 lectio
559 2543 574 2562 a
587 2537 689 2571 Cyrillo
706 2538 788 2565 etiam
804 2539 916 2565 recitata
930 2546 956 2572 p.
970 2542 1013 2565 80.
1027 2540 1099 2565 Con—

336 2577 376 2605 fer
394 2578 458 2605 adn.
481 2579 585 2606 Ibidem
603 2580 788 2615 interpunctio
807 2582 947 2610 notabilis.

283 2622 394 2649 Maximi
415 2624 477 2655 (S.)
496 2624 601 2651 scholia
616 2624 720 2651 inedita
735 2625 763 2652 in
775 2631 901 2660 quartam
918 2628 1098 2662 Areopagitae

335 2667 369 2694 ad
389 2669 485 2695 Caium
504 2668 648 2704 epistolam
668 2670 752 2705 praef.
769 2679 829 2705 cap.
844 2673 892 2698 vl.

282 2712 419 2739 Maximus
438 2712 570 2740 diaconus
589 2713 625 2740 ad
643 2722 724 2749 quern
744 2715 840 2742 scribit
858 2717 977 2751 Cyrillus
995 2725 1022 2752 p.
1038 2721 1096 2744 108.

281 2756 425 2783 Mazuroth
444 2757 616 2785 constellatio
635 2758 654 2784 i.
669 2766 694 2785 e.
710 2758 893 2786 hexastricum
913 2761 943 2787 E.
958 2769 984 2795 p.
1000 2764 1060 2788 523.

280 2800 401 2827 Melania
414 2805 508 2828 sancta
520 2800 623 2828 femina
637 2801 710 2829 dives
723 2802 935 2839 eleemosynaria
949 2805 978 2831 E.
994 2812 1020 2839 p.
1034 2808 1094 2832 520.

280 2845 391 2871 Mensae
410 2844 565 2872 benedictio
584 2845 709 2873 facienda
729 2855 755 2882 p.
772 2850 833 2875 232.

281 2889 380 2915 Mentis
401 2889 537 2916 humanae
556 2889 617 2918 laus
637 2898 663 2925 p.
679 2893 722 2918 52.
738 2899 799 2918 cum
819 2891 882 2920 adn.

1896 227 1963 259 067

1156 295 1295 322 Menuthis
1315 294 1418 321 idolum
1439 293 1587 320 femineum
1605 293 1632 319 in
1648 294 1770 327 Aegypto
1790 300 1815 326 p.
1831 295 1890 318 474.
1905 296 1967 318 475.

1157 340 1252 366 Merita
1274 339 1379 373 piorum
1399 338 1478 364 utilia
1499 337 1637 364 interdum
1658 337 1740 363 etiam
1760 336 1821 363 aliis
1839 345 1864 371 p.
1883 341 1939 363 1712.

1159 384 1358 410 Messalitarum
1379 383 1498 409 haeresis
1518 390 1543 416 p.
1561 385 1619 408 107.

1159 428 1301 454 Metanoea
1319 434 1419 453 nomen
1436 426 1530 461 templi
1544 425 1712 453 alexandrini
1726 433 1761 452 ss.
1776 425 1970 460 Apostolorum

1211 480 1236 505 p.
1259 475 1318 498 472.

1162 516 1300 542 Michaeae
1321 516 1395 542 locus
1409 516 1440 541 Υ.
1457 518 1482 541 2.
1498 515 1556 541 sine
1576 515 1709 549 particula
1728 515 1850 547 negatixa
1872 523 1896 548 p.
1914 518 1970 541 121.

1160 559 1292 586 Miracula
1317 559 1406 586 adhuc
1430 559 1523 594 cyrilli
1548 563 1634 586 actatc
1659 558 1760 585 fiebant
1782 567 1807 593 p.
1831 562 1889 585 175.
1915 563 1970 585 176.

1213 603 1305 630 adnot.

1160 647 1258 674 Missae
1277 647 1468 682 quotidianum
1489 648 1652 674 sacrificium
1674 656 1699 682 p.
1717 651 1774 674 124.

1160 692 1242 718 Missa
1262 696 1303 719 est
1321 700 1413 718 verum
1433 692 1596 718 sacrificium
1617 700 1634 726 p
1658 695 1719 718 413,
1736 700 1798 718 cum
1819 691 1882 719 adn.

1160 735 1319 763 Monasterii
1338 736 1455 770 insignis
1475 741 1501 763 et
1519 736 1648 763 ecclesiae
1668 735 1803 762 dedicatio
1822 736 1895 771 apud
1915 737 1970 763 Fau

1214 779 1241 806 in
1261 781 1384 814 Aegypto
1403 781 1434 806 T.
1452 788 1477 814 p.
1492 783 1551 806 541.
1567 788 1623 815 seq.

1160 823 1367 859 Monophysitae
1386 828 1413 850 et
1431 825 1583 851 Nestoriani
1604 833 1629 859 p.
1644 828 1705 851 487.

1160 867 1256 893 Mortis
1279 875 1364 901 poena
1387 868 1465 901 quasi
1488 868 1614 895 salutaris
1636 876 1650 894 a
1673 870 1730 895 Deo
1752 869 1854 895 inflicta
1879 869 1971 903 generi

1213 911 1334 938 humano
1355 920 1379 946 p.
1397 915 1440 939 35.

1160 956 1262 991 Moysis
1283 960 1310 982 et
1329 957 1402 983 Eliae
1426 956 1594 991 colloquium
1620 957 1647 985 in
1667 957 1767 983 Christi
1792 958 1971 992 transfigura-

1212 1000 1285 1027 tione
1304 1001 1384 1035 quale
1403 1000 1500 1033 fuerit,
1522 1001 1588 1027 dicit
1607 1001 1726 1037 Cyrillus
1746 1010 1771 1036 p.
1788 1005 1848 1028 2538.

1159 1043 1256 1070 Mundi
1270 1049 1370 1071 aetates
1386 1045 1413 1071 in
1430 1045 1558 1079 parabola
1573 1045 1666 1072 vineae
1686 1045 1734 1078 (de
1747 1054 1800 1080 qua
1814 1054 1903 1073 sermo
1921 1048 1971 1082 (1)·-

1212 1087 1267 1114 rilli
1287 1087 1358 1122 apud
1379 1091 1445 1119 nos)
1466 1088 1619 1123 figurantur
1638 1097 1663 1124 p.
1677 1093 1738 1116 469.

1160 1132 1257 1159 Mundi
1277 1132 1448 1167 aspectabilis
1469 1133 1613 1169 descriptio
1633 1143 1658 1170 p.
1677 1138 1718 1162 32.
1736 1139 1778 1162 33.

1554 1201 1577 1227 N

1159 1265 1278 1291 Naturae
1298 1264 1367 1291 duae
1386 1265 1414 1291 in
1434 1265 1542 1292 Christo
1562 1274 1588 1300 p.
1609 1269 1652 1293 59.
1675 1270 1734 1293 120.
1754 1270 1811 1294 121.
1833 1272 1892 1295 448.
1909 1272 1969 1296 434.

1211 1312 1272 1335 485.
1294 1309 1455 1335 Praesertim
1476 1318 1502 1344 p.
1521 1312 1562 1337 70.
1579 1314 1620 1336 71.
1642 1311 1676 1337 G.
1698 1319 1723 1345 p.
1742 1314 1803 1338 588.
1824 1313 1854 1337 P.
1870 1321 1894 1346 p.
1909 1316 1968 1339 012.

1211 1361 1267 1388 seq.

1158 1397 1325 1424 Naturarum
1338 1398 1365 1424 in
1378 1398 1486 1425 Christo
1499 1398 1622 1425 confusio
1637 1399 1791 1434 exploditur
1802 1409 1827 1435 p.
1841 1404 1900 1429 445.
1913 1409 1969 1435 seq.

1159 1442 1324 1469 Naturarum
1340 1443 1368 1468 in
1382 1443 1491 1470 Christo
1504 1451 1560 1470 non
1575 1448 1615 1471 est
1630 1443 1745 1471 dicenda
1760 1446 1912 1475 concretio,
1926 1447 1971 1473 sed

1212 1487 1276 1513 111110
1297 1495 1322 1521 p.
1339 1490 1381 1513 70.

1159 1531 1318 1557 Nestoriana
1341 1531 1459 1559 haeresis
1480 1540 1505 1566 p.
1525 1536 1584 1559 173.
1600 1536 1659 1559 188.
1678 1536 1739 1560 235.
1755 1537 1814 1560 316.
1836 1538 1895 1561 384.
1909 1538 1969 1562 3114.

1211 1578 1271 1602 404.
1286 1579 1346 1602 453.
1363 1579 1423 1602 484.
1440 1577 1473 1603 G.
1491 1585 1516 1611 p.
1532 1580 1592 1603 588.
1608 1580 1670 1604 590.
1685 1579 1714 1604 P.
1730 1586 1755 1612 p.
1770 1581 1830 1605 647.

1157 1619 1364 1648 Nestorianismi
1379 1624 1505 1646 accurata
1518 1619 1657 1653 definitio,
1671 1629 1769 1655 nempe
1784 1622 1903 1649 l‘erbvm
1919 1631 1969 1649 non

1211 1672 1268 1689 csse
1289 1663 1429 1689 hominem
1446 1663 1560 1696 sactum
1570 1685 1579 1697 ,
1598 1665 1649 1691 sed
1669 1666 1698 1691 in
1721 1665 1833 1692 homine
1854 1674 1889 1692 es·
1911 1675 1970 1693 11111-

1212 1706 1281 1732 (iere
1301 1709 1367 1733 nalo
1387 1707 1561 1734 habitavisse
1580 1716 1606 1742 p.
1621 1712 1665 1735 76.

1159 1751 1300 1777 Nestorius
1329 1755 1389 1785 post
1417 1751 1574 1786 ephesinam
1604 1752 1808 1780 damnationem
1838 1754 1972 1789 relegatus

1211 1794 1361 1828 Sansalgeu
1381 1795 1409 1821 in
1428 1798 1551 1830 Aegypto
1570 1797 1601 1822 T.
1617 1805 1642 1831 p.
1659 1800 1719 1823 542.

1157 1838 1300 1864 Nestorius
1319 1837 1445 1872 deiparae
1459 1839 1620 1867 vocabulum
1635 1848 1690 1867 non
1706 1840 1808 1868 ferebat
1821 1842 1854 1869 G.
1870 1850 1895 1877 p.
1910 1846 1969 1870 5110.

1158 1881 1301 1908 Nestorius
1319 1882 1432 1909 ecclesia
1453 1883 1554 1910 eiectus
1573 1891 1599 1918 p.
1616 1887 1674 1910 113.

1158 1925 1248 1958 Nipho
1271 1925 1423 1952 monachus
1445 1927 1592 1961 Panopliae
1612 1936 1695 1955 novae
1715 1928 1885 1963 dogmaticae
1903 1932 1969 1957 scri-

1211 1972 1272 2002 ptor
1290 1971 1498 2003 (amanuensis,
1519 1976 1549 1998 ut
1568 1975 1661 2006 puto.)
1681 1973 1709 1998 P.
1725 1980 1751 2007 p.
1766 1976 1826 2000 662.
1842 1974 1905 2000 adn.

1157 2010 1274 2037 Nomina
1294 2013 1365 2038 varia
1385 2012 1490 2040 domini
1507 2016 1592 2042 nostri
1606 2017 1667 2042 Iesu
1680 2016 1781 2043 Christi
1801 2018 1971 2052 explicantur

1210 2061 1236 2088 p.
1251 2057 1276 2079 9.
1291 2062 1347 2089 seq.

1158 2098 1371 2125 Novatianorum
1391 2108 1465 2127 error
1483 2103 1608 2137 arguitur
1626 2111 1651 2138 p.
1671 2108 1728 2132 180.

1156 2230 1324 2258 Obtrectatio
1351 2233 1410 2260 sine
1438 2233 1717 2264 demonstrationibus
1729 2259 1736 2271 ,
1764 2237 1900 2265 calumnia
1929 2244 1968 2266 est

1209 2283 1234 2309 p.
1256 2279 1316 2302 42³0.

1156 2319 1269 2347 Occasio
1289 2321 1325 2348 rei
1344 2321 1413 2349 bene
1433 2323 1566 2358 gerendae
1584 2333 1640 2352 non
1659 2326 1811 2354 omittenda
1831 2335 1857 2362 p.
1870 2331 1931 2355 489.

1153 2364 1182 2390 ‘O
1202 2365 1292 2398 graeci
1311 2366 1420 2393 articuli
1440 2367 1478 2393 vis
1493 2368 1640 2402 peculiaris
1655 2369 1682 2396 iu
1697 2371 1769 2397 Petri
1788 2370 1861 2398 dicto
1880 2372 1968 2406 (apud

1208 2409 1306 2435 Matth.
1321 2410 1394 2436 XVI.
1412 2414 1471 2442 16.)
1491 2420 1517 2446 p.
1531 2415 1574 2440 92.
1596 2413 1686 2440 Habet
1704 2419 1794 2441 autem
1810 2415 1863 2442 vim
1875 2417 1966 2443 exclu—

1207 2453 1292 2480 sivam
1311 2452 1440 2482 Luc.'IV.
1455 2459 1497 2482 34.
1512 2459 1545 2483 A.
1561 2465 1586 2492 p.
1601 2461 1663 2484 574.

1155 2497 1295 2528 Οἱκονόμος
1311 2498 1434 2525 vocabuli
1454 2501 1616 2536 etymologia
1631 2501 1704 2536 apud
1719 2502 1851 2537 Cyrillum
1864 2512 1919 2530 non
1935 2505 1967 2531 ab

1208 2542 1276 2573 οἶκος
1296 2547 1323 2569 et
1341 2545 1430 2577 γέμος,
1451 2544 1498 2572 sed
1517 2545 1552 2572 ab
1571 2547 1655 2572 οἰκεῖα
1673 2547 1754 2581 νέμειν
1774 2555 1799 2581 p.
1817 2551 1877 2574 348.

1154 2586 1295 2622 Olympias
1314 2587 1394 2615 vidua
1414 2588 1663 2625 (subintelligitur)
1682 2592 1719 2618 M.
1734 2600 1760 2626 p.
1775 2595 1835 2619 547.

1151 2632 1304 2666 Ὸμοο-άσιος
1317 2633 1479 2660 vocabulum
1492 2642 1642 2671 numquam
1654 2635 1749 2662 Ariani
1760 2640 1909 2670 pervertere
1920 2645 1965 2671 po-

1205 2681 1316 2704 tuerunt
1335 2678 1369 2704 G.
1387 2686 1412 2712 p.
1427 2681 1487 2704 592.

1151 2721 1239 2755 Opera
1258 2721 1330 2748 bona
1343 2720 1514 2748 infructuosa
1527 2726 1593 2749 sunt
1605 2726 1669 2749 ante
1681 2722 1848 2757 baptismum
1861 2732 1888 2759 p.
1905 2728 1962 2751 149.

1153 2764 1361 2799 Opitulationes
1380 2769 1406 2791 et
1424 2765 1641 2799 (suber-nationes
1660 2766 1791 2794 vocabula
1806 2767 1878 2802 apud
1892 2769 1963 2795 Pau-

1205 2808 1262 2835 lum
1278 2810 1298 2835 1.
1313 2810 1373 2835 Cor.
1386 2809 1450 2835 Xll.
1463 2812 1506 2836 28.
1521 2809 1588 2836 mire
1601 2810 1718 2845 explicat
1729 2811 1848 2846 Cyrillus
1862 2820 1889 2846 p.
1902 2815 1961 2838 108.

1150 2852 1244 2880 Oratio
1267 2852 1406 2880 dominica
1431 2854 1536 2881 auctior
1559 2862 1614 2881 una
1641 2855 1771 2889 petitione
1794 2855 1868 2890 apud
1891 2857 1961 2883 Mat-

1203 2896 1312 2927 thaeum
1329 2904 1411 2932 quam
1427 2896 1614 2932 apucLLucam
1635 2907 1660 2933 p.
1675 2901 1735 2926 267.
1757 2899 1846 2926 11111110
1857 2900 1961 2927 auctior
